2000 3600
464 224 596 331 ,⁵¹5
743 225 814 298 C.
854 226 1206 297 ΡιιΝιι
1250 229 1400 300 NA
1424 245 1645 302 ren.

494 342 659 405 fundi
697 344 848 405 vada
901 347 1295 426 exquiruntur.
1337 347 1415 409 Et
1456 370 1642 411 nemo
1671 347 1858 413 vilia-³

468 440 614 491 ,tem
648 421 770 504 ejus
793 423 1063 505 aestimat,
1089 427 1607 491 consummationis
1632 429 1857 492 foedita-

493 521 578 564 te.
601 503 755 588 Ergo
783 509 1253 569 numerosissima
1274 508 1361 571 est
1381 512 1539 573 circa
1575 511 1722 575 han'e
1744 532 1858 574 me-

488 584 695 645 dicinae
733 605 934 667 opera.

525 666 530 680 ¹
569 663 722 726 Sistit
782 686 915 727 eam
967 665 1250 731 scordotis
1290 691 1546 749 recens,
1588 668 1854 734 drachma

462 764 622 809 ,cum
656 748 801 809 vino
837 749 1009 820 trita,
1047 751 1147 811 vel
1189 751 1433 813 decocia
1478 770 1647 835 potu.
1689 752 1855 814 Pole-

462 829 683 889 -monia
707 848 824 909 quo
907 849 940 889 e
972 831 1039 890 δι.
1069 828 1454 912 dysentericis
1482 855 1560 895 ex
1594 837 1737 895 vino
1759 832 1854 893 da·

485 921 613 968 tur:
641 909 820 969 verba
846 911 899 970 ci
923 910 1083 969 radix
1163 928 1260 971 ota
1298 931 1375 972 ex
1417 917 1575 995 aqua
1608 915 1851 976 duorum

423 985 429 992 ’
483 987 795 1071 digitorum
837 991 1093 1072 magnitu
1134 993 1262 1053 ine:
1292 997 1635 1076 nymphaeae
1684 996 1850 1055 hera·-

483 1068 610 1129 cliae
644 1068 839 1132 semen
876 1092 1008 1131 cum
1036 1073 1178 1131 vino
1215 1090 1465 1155 potum:
1490 1077 1658 1136 radix
1686 1073 1849 1155 supe·

480 1151 601 1210 rior
646 1171 679 1209 e
726 1151 962 1230 xiphio,
994 1151 1280 1213 dracbmae
1313 1157 1587 1235 pondere
1622 1176 1697 1216 ex
1728 1172 1851 1215 ace·

478 1243 566 1290 to.
605 1227 816 1290 Semen
855 1230 1043 1310 planta
1083 1234 1190 1293 inis
1224 1235 1285 1295 in
1316 1237 1467 1297 vino
1499 1231 1841 1309 tritumst‘el

477 1308 601 1399 ipsa
635 1329 707 1369 ex
753 1325 921 1371 aceto
969 1251 1167 1385 coila,
1225 1331 1322 1375 aut
1372 1315 1524 1378 alica
1568 1338 1642 1378 ex
1680 1316 1845 1376 succo

479 1408 605 1468 ejus
646 1387 890 1471 sumpta.
940 1389 1091 1452 Item
1135 1414 1271 1455 cum
1310 1394 1593 1458 lenticula
1648 1394 1848 1467 costa,

456 1469 578 1533 ‚vel
615 1470 787 1530 aridae
822 1468 999 1532 farina
1033 1470 1281 1554 inspersa
1364 1479 1559 1538 otioni
1585 1497 1718 1539 cum
1756 1495 1846 1557 pa·

470 1569 698 1636 pavere
739 1549 893 1612 tosto
940 1552 1008 1615 δι
1048 1555 1217 1628 trito,
1239 1497 1569 1619 vefsuccus
1600 1552 1844 1630 infusus,

473 1639 575 1690 aut
611 1629 806 1691 succus
841 1631 1206 1708 Vettonicae‚
1227 1637 1286 1695 in
1318 1638 1466 1700 vino
1500 1638 1678 1701 ferro
1691 1636 1833 1698 cale·

472 1707 642 1771 facio.
681 1709 903 1774 Eadem
936 1714 1184 1775 coeliacis
1215 1716 1273 1775 in
1294 1719 1439 1779 vino
1477 1718 1708 1781 austero
1739 1717 1841 1777 da-

475 1790 607 1855 tur:
644 1790 731 1853 his
775 1794 843 1856 &
878 1792 1054 1855 iberis
1098 1797 1414 1878 imponitur
1433 1846 1458 1872 ‚
1509 1818 1577 1863 nt
1634 1799 1838 1862 dicium

474 1872 580 1935 cst.
621 1871 916 1936 Tenesmo
953 1877 1113 1937 radix
1147 1879 1475 1960 nymphaeae
1509 1882 1772 1943 heracliae
1801 1896 1837 1937 e

476 1954 620 2014 vino
652 1954 898 2017 bibitur:
929 1954 1201 2038 psyllium
1230 1958 1287 2018 in
1317 1960 1467 2042 aqu&
1492 1984 1509 2024 t
1549 1963 1706 2024 acori
1744 1978 1834 2019 ra·-

472 2030 618 2104 dicis
656 2032 976 2095 decoctum.
1012 2038 1185 2098 Aizoi
1215 2036 1411 2101 succus
1445 2042 1644 2104 alvum
1664 2039 1831 2111 sistit,

469 2111 540 2172 ὅ(
589 2109 976 2192 dysenteriam,
1003 2116 1070 2177 &
1104 2119 1287 2178 tineas
1324 2122 1602 2183 rotundas
1649 2120 1830 2205 pellit.

470 2187 794 2274 symphyti
847 2194 1011 2255 radix
1072 2196 1428 2277 dysenterias
1470 2202 1655 2264 sistit:
1692 2204 1831 2262 item

468 2270 658 2333 dauci.
704 2274 957 2335 Aizoum
985 2274 1139 2337 foliis
1168 2283 1425 2342 contritis
1444 2302 1518 2344 ex
1543 2286 1684 2345 vino
1714 2299 1828 2342 tor·

452 2353 719 2418 ,minibus
776 2354 1000 2430 resistit.
1046 2356 1248 2428 Alceae
1294 2365 1458 2424 siccae
1496 2363 1677 2426 farina
1710 2378 1829 2430 tote·

467 2432 719 2518 minibus
751 2453 887 2515 pota
929 2457 1062 2497 cum
1093 2440 1256 2500 vino.
1467 2440 1475 2463 ²

452 2573 457 2580 ,
550 2512 775 2576 XXIX.
815 2514 1148 2597 Astragalus
1175 2519 1317 2581 folia
1350 2522 1523 2586 habet
1558 2525 1730 2607 longa
1747 2523 1829 2582 in·

468 2591 663 2655 cisuris
698 2596 929 2670 multis,
959 2599 1193 2679 obliqua
1231 2603 1381 2663 circa
1412 2605 1671 2677 radices,
1695 2622 1824 2666 cau·

414 2693 417 2698 ·
454 2672 553 2738 ,les
588 2692 705 2737 tres
746 2695 842 2739 aut
875 2698 1122 2759 quatuor
1147 2679 1421 2744 foliorum
1451 2686 1696 2766 plenos,
1722 2683 1824 2746 flo·
1845 2683 1852 2692 ”

439 2769 591 2826 -ςτεω
620 2754 920 2835 hyacinthi
940 2802 962 2834 ,
996 2761 1227 2838 radices
1253 2764 1486 2836 villosas,
1501 2808 1526 2839 2
1560 2764 1844 2850 implicass,
