2000 3600
281 200 422 299 316
527 197 602 271 C.
654 197 1020 268 ΡιιΝιι
1064 194 1466 263 ΝΑτυκ.

267 325 503 385 sincero
529 321 653 382 vim
676 313 799 377 salis
836 313 1072 375 reddat:
1096 310 1230 371 alibi
1258 306 1497 390 corylus
1521 306 1676 370 lau·

268 404 480 464 datur:
511 403 588 460 ita
623 395 811 457 infuso
845 397 887 456 li
930 412 1074 454 uore
1095 390 1236 454 salso
1260 391 1435 452 carbo
1456 391 1666 451 etiam

273 485 342 546 in
372 480 543 542 salem
575 479 839 539 vertitur.
877 417 1258 555 Quicumque
1297 472 1453 552 ligno
1491 491 1671 531 con-

278 562 349 626 fit
387 561 465 622 sal
484 603 504 634 ,
536 560 699 640 niger
734 554 839 618 est.
862 554 1046 636 Apud
1063 551 1538 632 Theophrastum
1555 553 1673 612 in·-

275 643 452 707 venio
468 684 491 713 ‚
510 638 775 700 Umbros
802 635 1091 696 arundinis
1113 633 1181 694 δι.
1207 630 1365 711 iunci
1386 634 1668 693 cinerem

271 723 607 803 decoquere
639 717 791 800 aqua
831 715 1031 779 solitos
1052 758 1075 785 ,
1131 713 1322 774 donec
1370 715 1460 773 exi
1540 733 1668 774 um

272 797 591 885 supereffet
623 800 900 860 humoris.
919 793 1087 875 Quin
1117 795 1183 856 &
1213 814 1246 854 e
1267 794 1450 853 muria
1498 790 1664 853 alsa-

278 897 619 946 mentorum
672 879 1006 959 recoquitur
1041 919 1061 949 ‚
1130 875 1454 955 iterumque
1500 893 1671 933 con-

279 962 518 1043 sumpto
562 961 788 1041 liquore
829 957 904 1018 ad
948 972 1212 1016 naturam
1258 952 1416 1014 suam
1452 953 1610 1015 redit
1638 975 1663 1016 z

279 1043 388 1118 ‚vul
426 1063 469 1103 o
511 1063 546 1102 e
581 1041 784 1102 maenis
814 1036 1272 1117 jucundissimus.

363 1064 525 1185 ΞΠ.
564 1121 929 1192 Marinorum
960 1117 1208 1178 maxime
1247 1115 1505 1177 laudatur
1526 1113 1668 1198 Cy-

285 1205 449 1287 ptius
479 1223 515 1263 a
547 1199 873 1261 Salamine:
906 1198 980 1258 de
1018 1196 1229 1280 stagnis
1268 1195 1668 1274 TarentinuS,

287 1305 359 1346 ac
384 1282 668 1362 Phrygius
684 1325 704 1355 ,
738 1280 838 1361 qui
860 1277 1119 1338 Tattaeus
1145 1294 1405 1338 vocatur.
1427 1278 1508 1339 Hi
1530 1279 1667 1340 duo

290 1363 474 1425 oculis
507 1360 697 1422 utiles..
739 1365 799 1421 A
834 1356 1210 1441 Cappadocia
1252 1359 1436 1433 verb,
1472 1360 1666 1440 quiin

291 1441 584 1506 laterculis
626 1439 880 1501 adfertur
899 1483 923 1513 ‚
966 1440 1114 1499 cutis
1160 1441 1410 1499 nitorem
1451 1440 1670 1500 dicitur

294 1523 505 1586 facere.
558 1520 752 1604 Magis
800 1537 993 1580 tamen
1057 1520 1317 1580 extendit
1346 1523 1430 1594 is,
1477 1539 1672 1601 quem

295 1603 559 1668 Citieum
595 1601 1037 1683 appellavimus».
1064 1598 1148 1660 Ita
1191 1621 1263 1661 ue
1287 1621 1321 1659 a
1340 1619 1497 1682 partu
1519 1622 1672 1662 ven·-

298 1695 456 1747 trem‘
489 1703 564 1743 eo
604 1702 741 1742 cum
772 1679 1086 1741 melanthio
1126 1621 1370 1743 illinunt.
1409 1679 1677 1742 Salsissi-

299 1787 434 1830 mus
470 1762 547 1825 sal
573 1764 676 1845 qui
708 1762 1092 1824 siccissimas:
1126 1759 1489 1824 suavissimus
1524 1784 1674 1825 om-

302 1849 469 1916 nium
499 1844 847 1906 Tarentinus
880 1859 1051 1925 atque
1096 1842 1566 1906 candidissimus:
1595 1846 1675 1907 81.

304 1928 383 1987 de
418 1942 619 1986 cetero
662 1923 905 2006 fragilis,
938 1925 1038 2005 qui
1081 1926 1330 1985 maxime
1371 1926 1681 1989 candidus.

303 2005 512 2068 Pluvia
550 2004 828 2066 dulcescit
864 2006 1074 2066 omnis.
1099 2002 1678 2068 Suaviorem'tamen

306 2104 472 2147 rores
503 2082 760 2147 faciunt:
793 2081 893 2144 sed
928 2083 1227 2164 copiosum
1241 2086 1681 2168 Aquilonisfla-

308 2183 422 2227 ωε.
462 2162 679 2224 Austro
721 2183 843 2222 non
883 2163 1147 2227 nascitur.
1201 2166 1337 2227 Flos
1378 2168 1501 2229 salis
1547 2190 1680 2230 non

311 2244 382 2308 fit
403 2287 425 2318 ,
459 2245 566 2303 nisi
607 2240 1015 2325 Aquilonibus.
1065 2245 1135 2305 In
1168 2249 1303 2329 igne
1342 2269 1451 2310 nec
1481 2252 1682 2330 crepi-

313 2344 432 2395 tat,
465 2345 575 2385 nec
612 2324 798 2384 exsilit
835 2322 1167 2406 Tragasaeus
1188 2349 1437 2411 ‚neque
1472 2328 1684 2390 Acan-

257 2443 262 2448 ,
314 2408 470 2469 thius
490 2406 563 2466 ab
586 2404 809 2485 oppido
843 2405 1196 2486 appellatus:
1232 2430 1339 2470 nec
1362 2410 1524 2471 ullius
1545 2411 1688 2493 spu·

320 2507 453 2561 ma,
481 2500 579 2545 aut
602 2501 925 2545 ramentum
948 2528 969 2557 ,
1011 2504 1106 2546 aut
1150 2491 1357 2551 tenuis,
1384 2491 1527 2572 Agri
1569 2512 1688 2552 en-

319 2569 474 2632 tinus
499 2567 719 2647 ignium
757 2567 1014 2645 patiens,
1041 2588 1116 2627 ex
1137 2570 1284 2651 aqu&
1304 2571 1513 2632 exsilit.
1577 2590 1693 2634 unt

321 2647 392 2709 &
423 2646 693 2713 colorum
733 2644 1088 2710 differentiae.
1137 2649 1333 2711 Ruber
1367 2651 1694 2733 Memphi,

321 2723 485 2794 rufus
518 2725 602 2791 est
621 2727 776 2794 circa
804 2724 1008 2816 Oxum
1026 2753 1059 2796 ;-
1086 2727 1421 2817 Centuripis
1459 2738 1695 2816 purp'u-
