2000 3600
448 298 589 373 ³28
705 299 774 369 C.
820 299 1194 394 Pztntt
1232 298 1612 369 NATUR‘.

445 423 570 492 nis,
603 434 746 500 quot
781 435 953 498 grana
984 414 1191 477 hordei
1223 412 1483 478 contaffit
1525 411 1778 477 ederint
1809 430 1840 486 ς

422 518 693 582 ,quaeque
730 498 839 557 alia
881 516 1292 579 nuncupavere
1316 494 1699 567 monstrifica,
1720 512 1848 558 aut

378 584 383 588 ’
418 582 598 654 ‚inter
628 577 774 659 ipsas
807 580 1150 659 pugnantia:
1183 580 1314 638 cium
1346 578 1466 636 haec
1486 575 1846 640 fecundita-

447 676 570 721 tem
608 658 734 720 fieri
768 657 969 719 iisdem
1009 658 1228 733 modis,
1299 657 1465 717 uibus
1493 658 1590 718 illa
1611 656 1844 719 sterili·

447 757 669 814 tatem,
708 741 1115 820 praenuntiaret
1137 785 1154 811 ‚
1186 759 1281 799 me
1305 741 1391 797 ius
1424 735 1506 797 est
1540 759 1667 800 non
1694 759 1844 806 cte·-

445 821 612 883 dere.
648 819 838 903 Bytus
867 817 1285 901 Dyrrachenus
1301 817 1569 879 hebetata
1587 817 1840 898 aspestu

426 899 682 983 specula
728 902 992 982 recipere
1045 902 1297 961 nitorem
1346 899 1563 971 tradit,
1611 898 1842 960 iisdem

452 980 653 1044 aversa
668 980 850 1041 rursus
867 979 1296 1042 contuentibus:
1317 999 1677 1062 omnemque
1700 982 1840 1041 vim

454 1063 635 1124 talem
655 1060 900 1135 resolvi,
924 1063 972 1121 si
988 1060 1233 1121 mullum
1305 1059 1477 1120 iscem
1498 1059 1700 1121 secum
1725 1061 1841 1120 ha-

456 1142 656 1205 beant.
702 1142 879 1203 Multi
928 1144 1076 1205 verb
1122 1083 1302 1202 mesti}
1340 1142 1515 1201 etiam
1557 1141 1842 1201 remedia

430 1241 625 1284 .tanto
664 1221 821 1282 malo
864 1222 1022 1282 aiunt
1056 1241 1072 1280 z
1116 1222 1398 1303 podagras
1438 1220 1579 1280 illini
1602 1263 1625 1295 ,
1665 1219 1839 1290 stru,-

454 1324 581 1366 ωας
612 1304 677 1364 δι
706 1300 1031 1383 parotidas,
1056 1322 1274 1382 panos,
1294 1301 1479 1363 sacros
1513 1303 1717 1383 igneS,
1736 1299 1841 1364 fu-

455 1381 765 1455 runculos»,
793 1382 1100 1462 epiphoras
1133 1381 1367 1443 trafiatu
1397 1402 1595 1442 earum
1621 1382 1841 1444 mulie·

458 1484 589 1524 rum
627 1463 819 1524 leniri.
859 1461 989 1523 Lais
1025 1461 1092 1523 &
1124 1460 1295 1543 Salpe
1331 1482 1537 1522 canum
1557 1460 1841 1524 rabioso-

456 1564 589 1605 rum
626 1541 884 1615 morsuS,
920 1542 987 1604 ὅ(
1011 1544 1279 1604 tertianas
1303 1540 1719 1625 quartanasque
1748 1542 1843 1604 fe·

458 1624 633 1695 bres,
670 1622 969 1684 menstruo
1019 1623 1079 1682 in
1113 1623 1243 1685 lana
1279 1624 1469 1683 arietis
1501 1625 1559 1682 ni
1605 1626 1695 1695 ri,
1736 1644 1841 1690 ar·-

432 1773 439 1786 ¹
461 1722 676 1787 genteo
705 1702 976 1765 brachiali
1006 1702 1244 1765 incluso.
1266 1701 1568 1780 Diotimus
1645 1703 1842 1768 heba-

462 1808 604 1861 nus‚
635 1785 734 1850 vel
752 1786 1012 1859 ‘omnino
1031 1782 1207 1846 vestis
1226 1787 1307 1845 ita
1321 1782 1545 1845 infeffle
1565 1786 1840 1865 portiun-

465 1868 631 1939 cula,
669 1888 735 1929 ac
769 1868 872 1930 vel
901 1867 1074 1939 licie,
1111 1865 1383 1927 brachiali
1417 1864 1645 1926 inserta.
1678 1863 1842 1929 Soti·

466 1970 530 2009 ra
574 1946 851 2010 obstetrix
867 1993 890 2020 ,
922 1948 1178 2008 tertianis
1214 1944 1609 2029 quartanisque
1633 1943 1845 2007 effica-

465 2030 760 2088 cissimum
779 2028 923 2087 dixit
938 2028 1159 2107 plantas
1176 2029 1312 2110 aegri
1332 2025 1627 2088 subterlini
1647 2050 1665 2089 ι
1688 2027 1843 2089 mul·

466 2105 651 2187 toque
675 2105 961 2168 efficacius
1003 2107 1077 2166 ab
1117 2108 1243 2245 ipsa
1271 2108 1548 2182 muliere,
1575 2109 1640 2170 &
1666 2109 1841 2189 igno·

436 2188 633 2249 santi.
673 2184 766 2247 Sic
802 2188 868 2249 &
905 2186 1139 2246 comitia
1163 2206 1226 2247 es
1283 2191 1539 2250 excitari.
1581 2186 1840 2251 Icetidas

461 2266 726 2329 medicus
767 2282 1068 2349 quartanas
1091 2268 1250 2328 coitu
1291 2265 1478 2342 finiri,
1500 2271 1840 2351 incipienti·

464 2347 574 2410 bus
605 2346 902 2408 dumtaxat
938 2345 1279 2422 menstruis,
1312 2348 1645 2432 spopondit.
1672 2349 1839 2411 Inter

466 2448 672 2489 omnes
710 2430 858 2491 verb
891 2430 1169 2490 convenit
1191 2474 1213 2505 ,
1261 2431 1307 2490 si
1353 2450 1518 2512 aqua,
1542 2427 1837 2512 potusque

466 2507 814 2572 formidetur
856 2529 891 2569 a
925 2507 1119 2569 morsu
1162 2512 1314 2571 canis
1359 2510 1654 2591 supposita
1700 2527 1837 2571 tan-

469 2594 596 2653 tiam
640 2590 827 2673 calyci
861 2590 1068 2652 lacinia
1095 2591 1225 2664 tali,
1246 2588 1432 2651 statim
1449 2608 1675 2651 metum
1698 2611 1841 2655 eum

444 2670 716 2747 ‘discutit
752 2672 1031 2735 videlicet
1064 2672 1414 2753 praevalente
1428 2669 1762 2752 sympathia
1774 2671 1843 2734 il·

467 2750 918 2827 laGraecorum,
942 2756 1078 2813 cum
1103 2753 1321 2814 rabiem
1340 2771 1544 2811 canum
1564 2749 1691 2832 ejus
1718 2749 1842 2814 san-

450 2830 657 2913 guinis
698 2829 922 2916 gustatu
956 2834 1213 2914 incipere
1256 2832 1587 2897 dixerimus.
1611 2829 1840 2906 Cinere
