2000 3600
469 225 676 298 Hts
708 243 934 297 ron.
958 225 1105 297 Lib.
1131 224 1400 297 XXVI.
1498 251 1578 323 33

215 345 387 411 ‘caule
418 362 666 429 quatuor
698 345 1045 427 digitorum,
1076 344 1225 405 flore
1260 364 1590 426 purpureo,

221 430 417 491 radice
444 427 679 510 gemina
699 426 772 486 ad
789 425 1033 495 formam
1053 427 1304 487 hominis
1325 425 1591 501 testium,

220 511 460 570 alternis
496 511 660 568 annis
698 505 1107 567 intumescente
1145 508 1215 567 ea
1248 528 1314 567 ac
1339 504 1595 568 residen-

217 609 308 651 te.
336 588 536 651 Altera
556 587 802 668 satyrios
829 588 1019 648 orchis
1036 589 1503 669 cognominatur,
1526 590 1594 651 δε

218 670 444 731 femina
479 666 591 728 ess‘e
630 670 899 729 creditur.
938 665 1320 750 Distinguitur
1342 671 1590 729 interno-

218 752 339 812 diis
381 751 445 810 &
483 750 799 810 ramosiore
835 747 1041 809 frutice
1062 792 1083 822 ,
1128 749 1319 809 radice
1364 748 1587 811 fascinis

221 830 378 891 utili.
418 828 682 891 Nascitur
721 828 843 890 fere
885 826 1048 909 juxta
1086 850 1263 891 mare.
1305 827 1450 890 Haec
1491 846 1589 890 tu-

222 931 457 980 mores,
493 912 557 971 &
589 911 733 970 vitia
770 913 1019 991 partium
1056 929 1254 970 earum
1297 930 1430 970 cum
1476 930 1589 992 po·

227 991 397 1053 lenta
432 989 573 1050 illita
604 989 799 1063 sedat,
817 990 918 1051 vel
942 1010 1046 1070 per
1066 989 1141 1050 se.
1167 989 1487 1071 Superioris
1506 1010 1597 1050 ra·

228 1072 337 1132 dix
383 1073 440 1129 in
475 1070 618 1131 laEie
664 1072 798 1131 ovis
836 1070 1115 1131 colonicae
1172 1070 1335 1144 data,
1375 1086 1591 1133 nervos

232 1152 520 1213 intendit:
562 1151 768 1211 eadem
799 1172 873 1212 ex
907 1152 1058 1232 aqua
1092 1153 1351 1213 remittit.

320 1229 536 1293 LXIII.
583 1231 778 1293 Graeci
830 1230 1123 1313 satyrion,
1160 1232 1312 1293 foliis
1354 1232 1456 1293 lilii
1494 1253 1595 1295 ru·

229 1313 328 1375 bri
348 1358 371 1385 ‚
404 1312 756 1384 minoribus,
790 1313 854 1374 &
902 1312 1081 1373 tribus
1118 1334 1240 1374 non
1277 1314 1522 1394 amplius
1559 1334 1596 1376 e

229 1394 395 1456 terra
409 1393 749 1453 exeuntibus
769 1392 1030 1467 tradunt,
1062 1394 1222 1454 caule
1253 1394 1382 1455 laevi
1400 1438 1421 1468 ,
1447 1394 1600 1456 cubi-

230 1476 384 1548 tali,
417 1474 617 1546 nudo,
653 1473 844 1533 radice
876 1474 1142 1555 gemina:
1169 1472 1330 1556 cujus
1360 1473 1598 1537 inferior

232 1577 375 1639 pars
419 1556 486 1616 &
533 1550 722 1631 major
759 1574 948 1614 mares
986 1556 1217 1636 gignat,
1259 1554 1515 1635 superior
1532 1575 1602 1617 ac.

222 1637 437 1699 'minor
474 1633 736 1694 feminas,
770 1633 845 1693 Et
875 1634 1030 1694 aliud
1050 1656 1230 1717 genus
1249 1634 1446 1716 satyrii
1464 1656 1605 1718 ery-

192 1722 197 1727 '
232 1718 506 1780 thraicon
544 1714 860 1796 appellant,
882 1715 1097 1777 semine
1130 1717 1319 1779 viticis
1338 1715 1604 1797 majore,

236 1800 416 1861 laevi:
447 1797 604 1858 durae
650 1794 858 1857 radicis
882 1840 902 1869 ‚
940 1799 1162 1857 cortice
1202 1799 1379 1857 rubro
1397 1840 1417 1869 ,
1453 1800 1604 1859 intus

240 1881 446 1942 album
491 1878 739 1947 includi,
776 1875 981 1959 sapore
1040 1876 1313 1936 subdulce
1333 1920 1353 1949 ,
1389 1874 1514 1939 fere
1545 1879 1606 1940 in

241 1961 573 2022 montuosis
598 1958 874 2019 inveniri.
902 1957 1203 2018 Venerem
1234 1960 1461 2019 etiamsi
1482 1980 1607 2021 om·

158 2085 161 2088 ι
240 2043 388 2103 nino
410 2060 583 2101 manu
615 2053 882 2099 teneatur
904 2039 1095 2113 radix,
1121 2036 1429 2102 stimulari:
1453 2042 1610 2104 adeo

245 2124 299 2184 si
337 2120 567 2181 bibatur
582 2121 643 2179 in
672 2121 814 2179 vino
849 2117 1096 2182 austero.
1134 2119 1431 2182 Arietibus
1460 2143 1611 2204 quo·

244 2224 362 2285 que
406 2203 472 2263 &
502 2201 675 2261 hircis
708 2198 1057 2281 segnioribus
1095 2201 1155 2260 in
1190 2219 1335 2284 potu
1370 2203 1514 2265 dari.
1533 2201 1611 2265 Et

248 2306 286 2344 a
322 2282 599 2344 Sarmatis
624 2326 644 2355 ‚
683 2283 843 2362 equis
885 2283 967 2343 ob
1004 2281 1306 2342 adsiduum
1346 2282 1613 2343 laborem

248 2364 601 2446 pigrioribus
644 2363 705 2420 in
732 2364 884 2422 coitu
909 2406 928 2434 ‚
975 2363 1136 2443 quod
1172 2365 1379 2424 vitium
1414 2362 1613 2444 prose·

250 2445 494 2505 damum
535 2460 771 2503 vocant.
807 2442 953 2501 Vim
988 2441 1114 2521 ejus
1149 2442 1443 2526 restinguit
1467 2462 1614 2523 aqua

254 2523 467 2594 mulsa,
495 2541 596 2583 aut
631 2521 848 2582 laRuca
883 2522 1123 2605 sumpta.
1162 2524 1232 2584 In
1266 2541 1460 2584 totum
1494 2524 1620 2602 qui-

258 2604 399 2664 dem
432 2603 631 2667 Graeci
651 2648 670 2671 ,
694 2605 828 2662 cum
862 2606 1313 2663 concitationem
1338 2603 1488 2660 hanc
1508 2623 1620 2663 vo-

257 2683 387 2745 lunt
419 2682 743 2768 significare
765 2726 785 2755 ,
818 2680 1074 2763 satyrion
1091 2681 1415 2763 appellant:
1445 2684 1525 2744 sic
1554 2686 1622 2748 &

250 2769 527 2850 craoegin
564 2763 1079 2849 cognominantes,
1114 2764 1181 2832 &
1216 2763 1622 2910 thglygonon,

1339 2866 1384 2911 V
