2000 3600
472 262 560 339 18
676 262 1194 335 εἱΡιιΝιι
1246 207 1662 333 ΝΑΙΤυκ.
1773 291 1778 297 ·

468 384 587 447 sum
632 399 776 442 tum.
811 376 1295 441 Efficacissimum
1332 379 1411 441 ad
1448 378 1663 441 ructus.

610 460 770 522 XXI.
810 459 1037 522 Alvum
1078 457 1222 520 sistit
1260 461 1329 522 &
1369 460 1688 534 chondris,
1719 458 1843 523 sive

465 540 1061 628 pseudodiffltmnum.
1641 538 1646 548 ’
1706 542 1714 562 ’

545 620 926 705 Hypocisthis
941 666 962 696 ‚
990 620 1360 718 orobethron
1388 620 1737 718 quibu-stiam
1762 619 1844 681 di-

463 701 774 855 3233ss
844 697 1845 856 13ss3}‚¹¹}¹53²2¹1¹13‘1'20⁵¹‚”¹13¹1232¹{32

467 884 629 926 men.
663 864 809 925 Haec
845 862 1085 925 arefacta
1121 864 1181 923 in
1215 863 1432 925 umbra
1467 862 1618 926 sistit
1656 862 1844 923 alvum
1942 913 1946 917 .

465 964 545 1006 ex
580 946 725 1006 vino
761 943 987 1006 austero
1030 946 1196 1025 nigro
1241 943 1317 1005 ue
1376 960 1650 1026 utraque.
1697 941 1838 1004 Duo

468 1026 631 1087 enim
659 1045 870 1108 genera
904 1022 1067 1100 eus,
1098 1044 1203 1085 can
1245 1023 1343 1085 ida
1388 1027 1458 1087 &
1503 1023 1647 1085 rufa.
1698 1020 1844 1083 Usus

472 1105 536 1168 in
568 1104 774 1166 succo:
816 1046 1042 1186 spisslat'
1073 1106 1264 1165 siccat.
1283 1103 1367 1167 Et
1388 1104 1721 1186 rufa-magis
1738 1100 1845 1163 sto·

473 1186 664 1248 machi
726 1183 1161 1244 rheumatismos
1215 1186 1517 1246 emendat.
1559 1184 1707 1246 Pota
1745 1183 1845 1242 tri-

473 1265 582 1328 hus
619 1263 848 1336 obolis,
883 1262 1165 1346 sanguinis
1211 1263 1680 1334 exscreationes,
1716 1281 1844 1324 cum

473 1345 701 1425 amylo.
730 1341 1111 1425 Dysenterias
1142 1361 1321 1425 pota,
1358 1348 1428 1408 δι
1467 1344 1676 1406 infusa.
1701 1342 1846 1404 Item

473 1425 798 1493 verbenaca
829 1445 902 1485 ex
921 1424 1070 1506 aqua
1099 1424 1265 1499 data,
1288 1443 1391 1487 aut
1414 1427 1746 1489 carentibus
1765 1421 1847 1482 fe·

474 1504 584 1567 bre
619 1526 692 1571 ex
727 1506 871 1567 vino
896 1507 1128 1567 amineo
1152 1506 1562 1568 cochlearibus
1591 1507 1842 1589 quinque

475 1585 686 1647 additis
729 1587 789 1645 in
824 1608 855 1647 c
904 1587 1071 1647 athos
1112 1602 1232 1646 tres
1266 1589 1414 1649 vini.

556 1664 812 1726 XXXII.
929 1687 1038 1728 ver
1070 1686 1306 1748 quoque
1344 1666 1590 1729 nascens
1617 1668 1677 1727 in
1708 1662 1843 1726 rivis

480 1745 716 1811 condita
751 1746 816 1807 &
851 1745 1015 1808 cossa
1048 1745 1402 1809 torminibus
1440 1748 1733 1810 medetur.

559 1825 841 1891 XXXIII.
863 1826 1285 1909 Potamogeton
1305 1831 1462 1891 verb
1482 1849 1559 1889 ex
1577 1831 1719 1890 vino
1740 1824 1844 1903 dy·

486 1907 777 1973 sentericis
815 1910 987 1970 etiam
1033 1909 1098 1969 &
1139 1908 1421 1981 coeliacis,
1467 1909 1670 1972 similis
1699 1907 1843 1966 betae'

478 1984 672 2047 foliis:
703 1989 1022 2062 minoribus
1053 1993 1272 2049 tantiam
1298 1986 1704 2050 hirsutioribus
1734 2004 1841 2055 ue,

470 2065 713 2161 'paulum
752 2065 1183 2147 supereminens
1221 2084 1377 2129 extra
1409 2089 1643 2152 aquam.
1760 2062 1845 2122 sus

477 2165 540 2206 m
573 2144 764 2206 foliis:
811 2145 1175 2228 refrigerant,
1201 2145 1458 2229 spissam:
1483 2146 1846 2232 peculiariter

479 2226 736 2287 cruribus
767 2228 991 2288 vitiosis
1023 2226 1215 2300 utilia,
1250 2229 1315 2290 &
1356 2247 1561 2291 contra
1589 2230 1842 2291 ulcerum

481 2326 717 2382 nomas,
758 2328 892 2370 cum
921 2307 1097 2370 melle
1127 2309 1227 2369 vel
1259 2325 1450 2372 aceto.
1470 2309 1682 2373 Castor
1699 2307 1841 2367 hanc

481 2388 647 2449 aliter
694 2404 939 2452 noverat
958 2431 978 2461 ‚
1017 2391 1178 2449 tenui
1219 2388 1364 2451 folio
1409 2390 1575 2457 velut
1625 2386 1842 2470 equinis

485 2468 619 2530 setis
633 2512 656 2540 ,
684 2469 889 2550 thyrso
915 2469 1094 2551 longo
1115 2471 1180 2530 &
1202 2469 1332 2531 laevi
1351 2515 1371 2544 ,
1402 2471 1462 2532 in
1479 2471 1713 2554 aquosis
1729 2464 1843 2527 nal:-

469 2549 736 2612 'centetu-
783 2549 1003 2612 Radice
1057 2548 1284 2610 sanabat
1316 2548 1553 2612 strumas
1588 2550 1653 2611 &
1685 2545 1843 2608 duri·-

485 2634 611 2691 tias.
655 2631 1076 2714 Potamogeton
1104 2628 1432 2694 adversatur
1471 2633 1537 2694 &
1580 2624 1843 2692 crocodi-

437 2733 441 2744 ·
484 2708 553 2768 lis
577 2731 591 2768 z
628 2712 820 2791 itaque
858 2711 1047 2781 secum
1074 2712 1283 2774 habent
1306 2732 1434 2770 eam
1457 2755 1476 2780 ,
1502 2713 1603 2794 qui
1634 2723 1842 2774 venant·

494 2802 607 2858 tur.
645 2788 883 2876 Alvum,
911 2790 1055 2858 sistit
1095 2793 1160 2856 &
1195 2790 1486 2856 Achillea.
