2000 3600
516 171 656 326 ¹24
753 231 1218 307 ὄζΡιιΝιι
1284 218 1665 302 Nan-vn.

501 354 614 417 'bus
662 350 997 413 exuiceratis
1054 348 1374 410 utilissime.
1421 347 1494 409 Et
1536 348 1758 411 bibitur
1806 349 1892 413 ab‘

508 432 896 496 imbecillitate
945 431 1101 491 vires
1157 431 1664 512 recolligentibuS,
1716 453 1890 514 quos

439 540 446 546 ·
504 513 782 595 atrophos
817 527 1067 572 vocant:
1100 511 1160 570 in
1203 510 1347 570 febri
1389 513 1561 570 etiam
1601 533 1733 592 quae
1782 535 1892 573 ca-
1947 535 1952 543 ·

502 611 626 654 reat
661 594 868 654 dolore
902 592 1125 673 capitis.
1162 589 1356 651 Pueris
1383 608 1513 651 ante
1536 591 1734 651 cibum
1755 635 1778 664 ,
1806 592 1889 653 ‘la-

503 674 605 735 ffis
660 675 865 735 asinini
927 673 1216 733 heminam
1260 671 1416 745 dari,
1447 689 1545 731 aut
1590 673 1638 730 si
1679 676 1885 734 exitus

501 754 621 815 cibi
663 756 935 815 rosiones
959 751 1258 825 sentirent,
1293 753 1511 832 antiqui
1551 753 1611 810 in
1651 755 1885 813 arcanis

502 835 863 896 habuerunt:
907 836 957 893 si
993 834 1108 893 hoc
1146 853 1265 892 non
1298 830 1470 904 esset,
1490 835 1729 914 caprini.
1756 833 1881 894 Bu·

500 915 626 977 buli
674 914 859 977 serum
889 914 1286 995 orthopnoicis
1323 910 1557 994 prodest
1592 930 1725 973 ante
1772 934 1881 975 ce·

501 1011 627 1059 tera
649 1042 669 1071 ,
703 996 905 1057 addito
944 993 1239 1055 nasturtio.
1277 989 1634 1132 Inunffuntur
1694 996 1880 1078 etiam,

507 1076 716 1152 oculi,
766 1080 828 1137 in
867 1074 1019 1135 laffis
1066 1074 1309 1134 heminis
1370 1072 1428 1133 se
1455 1094 1600 1134 amae
1660 1076 1876 1135 additis

505 1157 793 1220 drachmis
823 1172 1069 1237 quatuor
1100 1156 1243 1214 tritis
1271 1155 1332 1213 in
1366 1153 1406 1215 li
1451 1154 1738 1235 pitudine.
1760 1153 1877 1217 Cass

505 1240 676 1320 prino
715 1237 893 1297 lienes
940 1234 1201 1295 sanantur
1244 1232 1377 1315 post
1411 1176 1575 1294 bidui
1613 1236 1874 1298 inediam

505 1317 677 1379 tertia
705 1316 798 1377 die
832 1315 1007 1377 edera
1040 1311 1218 1396 pastis*
1239 1316 1462 1397 captis,
1487 1316 1873 1397 pertriduum
1935 1339 1938 1344 ’

507 1414 660 1480 poto
700 1398 822 1457 sine
849 1397 964 1456 alio
1003 1396 1159 1455 cibe.
1180 1394 1364 1455 Laetis
1399 1394 1529 1455 usus
1563 1395 1708 1457 alins·
1738 1418 1872 1459 con·

507 1479 714 1539 trarius
755 1477 958 1559 capitis
995 1474 1292 1538 doioribus
1314 1522 1333 1551 ‚
1355 1476 1631 1558 hepaticis
1652 1522 1672 1551 ,
1705 1476 1870 1560 ‘sple-

506 1559 651 1619 nicis
671 1602 692 1632 ,
716 1578 1034 1620 nervorum
1056 1559 1229 1629 vitio,
1265 1555 1456 1617 febres
1479 1557 1829 1619 habentibus
1848 1601 1869 1633 ‚

503 1639 818 1720 vertigini,
844 1656 1229 1719 praeterquam
1310 1639 1625 1720 urgationis
1651 1642 1869 1721 gratia,

548 1718 832 1788 ravedini‚
852 1718 1253 1791 tussientibus,
1268 1659 1457 1800 iippis.
1495 1716 1744 1779 Suillum
1768 1722 1870 1780 uti·

527 1802 787 1862 issimum
839 1799 1146 1872 tenesmo,
1179 1797 1555 1881 dysenteriae,
1595 1821 1708 1863 nec
1749 1822 1867 1863 non
1925 1820 1931 1829 ·

445 1937 450 1942 .
507 1882 825 1966 phthisicis.
889 1881 1028 1943 Hoc
1068 1881 1134 1943 &.
1174 1880 1506 1942 mulieribus
1563 1879 1870 1944 saluberri—

511 1983 678 2026 mum
759 1964 817 2021 ui
864 1962 1123 2023 dicerent
1145 2006 1162 2032 ,
1195 1959 1453 2022 fuerunt.

544 2066 551 2095 :
587 2039 705 2101 XX
767 2041 853 2100 IV
855 2086 871 2102 .
906 2041 1008 2104 De
1080 2043 1341 2102 eneribus
1379 2039 1676 2113 caseorum
1712 2046 1866 2106 dixi-

501 2137 635 2183 mus
654 2163 680 2191 ,
721 2122 858 2180 chm
893 2121 967 2181 de
1017 2143 1053 2181 u
1099 2123 1287 2182 eribus
1333 2123 1680 2207 singulisque
1742 2128 1865 2187 ani-

499 2198 740 2262 malium
781 2202 1060 2260 membris
1094 2202 1436 2273 diceremus.
1471 2203 1701 2266 Sextius
1737 2204 1863 2268 eos·

499 2280 642 2340 dem
687 2277 922 2356 effecius
958 2283 1212 2363 equino,
1259 2305 1408 2366 quos
1445 2284 1708 2361 bubulo,
1747 2305 1860 2348 tra-

497 2359 606 2421 dit.
670 2360 844 2421 Hunc
896 2379 1112 2423 vocant
1173 2363 1481 2445 hippacen.
1545 2365 1857 2431 Stomacho

497 2441 707 2513 utiles,
739 2444 837 2522 qui
871 2462 992 2504 non
1032 2445 1141 2504 sint
1175 2442 1341 2518 salsi.
1379 2448 1439 2508 id
1479 2445 1561 2508 est
1586 2493 1606 2519 ,
1655 2469 1860 2513 recen-

493 2540 607 2585 tes.
643 2521 897 2584 Veteres
920 2524 1117 2585 alvum
1143 2524 1372 2598 sistunt,
1401 2527 1723 2612 corpusque
1759 2531 1858 2590 mi-

493 2621 711 2676 nuunt,
735 2601 1034 2669 stomacho
1063 2606 1346 2669 utiliores:
1368 2611 1500 2670 &in
1520 2627 1709 2671 toturn
1727 2608 1855 2672 salsa

495 2686 766 2747 minuunt
794 2708 1015 2770 corpus
1034 2734 1057 2762 ,
1079 2686 1241 2748 alunt
1264 2689 1483 2750 mollia.
1524 2689 1745 2753 Caseus
1768 2711 1854 2752 re·
1892 2683 1910 2711 ¹

489 2781 633 2834 ‚cens
672 2787 808 2830 cum
841 2769 1059 2846 melle,
1091 2767 1342 2853 sugillata
1382 2772 1694 2854 emendat,
1715 2770 1852 2864 mol·

1784 2853 1850 2922 lis
