2000 3600
342 310 345 315 -
424 281 478 356 4
622 250 1140 337 capiunt
1177 266 1325 337 NA
1354 262 1585 335 r'vn.

425 387 680 449 malumz
708 385 776 448 δι
810 386 943 446 chm
966 387 1029 445 in
1056 404 1219 480 reges
1258 380 1537 446 incidiss'et
1552 425 1571 456 ,
1592 374 1778 463 popu-i

426 469 500 529 lis
535 465 798 527 funebre.
837 463 1084 548 Quippe
1116 487 1175 526 m
1213 465 1452 527 balineis
1484 462 1623 524 solia
1639 478 1776 520 tem·

426 548 775 631 perabantur
825 545 1080 607 humano
1136 544 1404 628 sanguine
1440 543 1514 606 ad
1546 540 1782 604 medici-'s

425 647 562 688 nam
605 647 756 687 eam.
795 625 870 687 Et
905 627 999 688 hic
1082 628 1277 687 uidem
1312 620 1783 688 morbus‘celeri·

426 723 519 769 ter
556 709 615 767 in
655 705 818 767 Italia
837 705 1023 768 restiu
1118 728 1143 766 s
1201 705 1322 768 est:
1365 711 1513 767 sicut
1544 705 1610 765 &
1643 701 1739 762 ille
1756 718 1782 773 ‚'

466 807 603 847 uem
639 786 961 872 gemursam
989 809 1023 848 a
1064 785 1361 867 pellavere
1392 784 1602 868 prisci,
1635 784 1781 843 inter
1811 850 1815 855 p

422 808 641 950 Zigitos
681 867 899 950 pedum
930 888 970 928 n
1028 885 1297 944 centem,
1331 871 1511 927 etiam
1548 865 1784 927 nomine

378 966 382 972 “
428 948 765 1010 obliterate.
1606 970 1612 975 ·

475 1053 481 1059 ·
507 1027 616 1091 vl.
653 1028 723 1090 Id
751 1026 935 1110 ipsum
964 1028 1263 1103 mirabile,
1283 1027 1426 1089 alios
1448 1028 1707 1090 desinere
1721 1023 1783 1085 in

357 1179 360 1182 ⁴
427 1109 602 1170 nobis
623 1151 642 1180 ,
677 1111 820 1170 alios
850 1110 1063 1169 durare
1083 1152 1104 1181 ‚
1142 1110 1309 1169 sicuti
1348 1110 1565 1170 colum.
1602 1105 1785 1168 Tibe-

424 1190 498 1250 rii
542 1186 784 1249 Caesaris
819 1189 1145 1269 principatu
1194 1190 1421 1271 irrepsit
1453 1191 1514 1250 id
1550 1187 1784 1249 malum.

380 1298 385 1301 ·
427 1267 559 1341 Nec
613 1265 908 1350 quisquam
951 1269 1014 1328 id
1063 1270 1223 1351 prior
1264 1271 1615 1351 imperatore
1655 1263 1785 1350 ipso

427 1346 640 1421 sensit,
671 1347 882 1430 magua
909 1350 1155 1410 civitatis
1194 1350 1434 1434 ambage
1452 1395 1474 1426 ‚
1501 1352 1634 1411 cum
1666 1347 1788 1409 edi-

424 1428 524 1490 &o
568 1426 690 1509 ejus
729 1427 1044 1490 excusantis
1086 1430 1516 1505 valetudinem,
1563 1430 1616 1490 le
1657 1446 1789 1489 ere·

426 1525 525 1569 tur
564 1529 783 1571 nomen
821 1511 954 1571 inco
1037 1511 1198 1571 itum.
1232 1509 1401 1590 Quid
1424 1511 1539 1573 hoc
1561 1531 1593 1571 e
1640 1531 1671 1570 e
1708 1508 1788 1569 di·

424 1609 624 1650 camus
638 1634 659 1664 ,
681 1606 779 1650 aut
802 1611 942 1672 quas
957 1531 1206 1652 {gotum
1228 1591 1371 1651 iras?
1392 1589 1602 1669 Parum
1633 1592 1787 1668 enim

427 1685 594 1732 erant
647 1672 871 1732 homini
913 1688 1075 1733 certa
1142 1672 1484 1733 morborum
1546 1690 1788 1755 genera,

428 1754 567 1813 cum
586 1749 753 1835 supra
783 1769 932 1817 cce.
963 1751 1173 1824 essent,
1198 1753 1320 1811 nisi.
1342 1753 1515 1813 etiam
1545 1773 1708 1815 nova
1726 1753 1793 1813 ti-

427 1852 728 1895 merentur
745 1832 768 1894 ³
785 1833 998 1917 Neque
1019 1835 1038 1893 i
1082 1834 1128 1893 si
1148 1848 1341 1893 autem
1362 1831 1632 1896 homines
1655 1851 1792 1917 pau·

380 1915 588 1975 ·-ciora
623 1914 732 1974 sibi
773 1915 956 1994 opera
984 1856 1103 1992 sug}
1119 1914 1354 1995 negotia
1392 1913 1729 1995 important.

480 2013 539 2053 α.
563 1991 707 2053 Haec
726 1994 1109 2075 apud‘priscos
1127 2010 1321 2065 erant,
1348 2013 1478 2076 quae
1499 2015 1792 2056 memora·

382 2083 391 2108 ²
426 2087 561 2154 ‘mus
580 2116 602 2145 ,
635 2073 891 2133 remedia
907 2116 928 2146 ,
962 2073 1307 2133 medicinam
1341 2074 1467 2156 ipsa
1504 2075 1793 2157 quodam·

428 2152 616 2214 modo
659 2172 853 2214 rerum
874 2153 1076 2214 natura
1094 2152 1343 2216 faciente
1359 2200 1379 2229 ,
1405 2157 1471 2218 &
1486 2155 1585 2216 diu
1604 2155 1791 2218 fuere.

428 2232 809 2314 Hippocratis
850 2234 1008 2295 certe
1034 2280 1053 2304 ‚
1096 2237 1195 2317 qui
1279 2237 1452 2295 rimus
1513 2236 1790 2299 medendi

429 2332 722 2456 ἕζεαι-κα
758 2314 1068 2375 clarissime
1102 2256 1393 2391 confidit,
1427 2315 1633 2379 referta
1657 2319 1792 2380 her-

511 2414 636 2453 rum
666 2396 959 2456 mentione
982 2396 1306 2457 invenimus
1331 2398 1655 2457 volumina:
1676 2401 1792 2458 nec

432 2475 625 2538 minus
654 2471 882 2536 Dioclis
915 2473 1208 2559 Carystii,
1240 2478 1339 2558 qui
1367 2475 1640 2538 secundus
1655 2491 1792 2537 aet'a-

430 2572 499 2614 te
536 2552 800 2639 famaque
839 2554 1085 2617 exstitit:
1121 2559 1260 2618 item
1300 2555 1628 2640 Praxagorae
1647 2600 1669 2629 ,
1720 2560 1790 2620 δι

434 2632 796 2718 Chrysippi,
831 2658 899 2698 ac
941 2636 1154 2699 deinde
1202 2635 1556 2701 Erasistrati:
1596 2637 1792 2699 Hero·

435 2713 598 2793 philo
629 2718 897 2796 quidem,
915 2739 1273 2801 quamquam
1292 2716 1593 2779 subtilioris
1621 2716 1791 2779 seiiae

391 2797 398 2806 '
436 2793 760 2872 conditori,
793 2812 931 2861 ante
961 2817 1169 2863 omnes
1202 2796 1555 2878 celebratam
1605 2800 1800 2863 ration
