2000 3600
328 221 448 294 Ηι
476 240 519 292 s
553 240 606 292 T
633 238 681 290 ο
705 241 779 293 n.
808 221 952 294 Lib.
979 221 1311 295 XXVIH.
1405 221 1534 321 185

205 339 485 403 restibilem
543 339 956 403 fecunditatem
993 341 1234 404 adferre.
1276 339 1394 404 Sed
1427 363 1537 424 pro

207 440 462 503 conceptu
480 467 501 496 ‚
529 423 750 502 leporis
767 421 985 483 saniem
999 425 1064 485 ὃ(
1081 427 1209 486 viro
1228 425 1380 506 magi
1402 444 1541 503 pro·

206 505 392 582 pinam.
439 502 599 575 Item
639 505 844 585 virgini
900 525 1117 565 novem
1157 525 1328 587 grana
1369 502 1537 576 fimi,
1598 515 1607 524 ’

207 600 257 641 ut
272 582 402 645 stent
421 584 711 665 perpetub
730 604 1016 645 mammae.
1038 582 1167 646 Coa
1246 585 1364 645 lum
1380 604 1535 667 quo·
1605 611 1610 615 ·

208 683 298 743 que
327 665 398 724 ob
429 664 489 725 id
509 685 651 725 cum
681 664 853 725 melle
879 665 1138 725 illinunt:
1168 606 1260 724 εἴη
1301 667 1531 738 niuem,

208 743 288 805 ubi
321 744 542 805 evulsos
585 744 738 825 pilos
769 742 982 805 renasci
1024 745 1242 806 nolunt.
1345 746 1535 805 flatio-

208 823 714 897 nivulvae‚fimurn
740 846 879 906 apt-u
920 846 1057 886 num
1078 825 1370 886 suillumve
1400 845 1536 886 cum

212 902 320 964 oleo
353 906 487 965 illini
569 904 786 967 rodest.
829 905 875 965 E
942 908 1128 966 caciirs
1169 904 1307 966 sistit
1356 904 1540 965 farina

210 984 350 1059 aridi,
372 1002 431 1046 ut
466 928 842 1067 afspergatur
878 987 1109 1067 potioni
1142 1029 1161 1058 ,
1207 985 1305 1046 vel
1333 989 1380 1043 si
1412 1004 1542 1066 gra-

211 1063 333 1124 vidae
366 1083 458 1127 aut
493 1086 801 1148 puerperae
823 1082 1214 1149 torqueantur.
1235 1064 1404 1125 Lac'te
1425 1063 1537 1124 suis

211 1160 327 1223 poto
357 1168 480 1207 cum
517 1145 710 1207 mulso
735 1144 1078 1225 adjuvantur
1111 1163 1298 1226 partus
1336 1145 1543 1206 mulie.-

211 1243 328 1285 rum.
357 1226 460 1287 Per
486 1227 544 1288 se
577 1228 731 1289 verb
773 1245 1014 1307 potum,
1042 1226 1365 1288 deficientia
1397 1226 1539 1286 ube·

208 1324 258 1362 ra
291 1327 697 1388 puerperarum
735 1308 937 1389 replet.
974 1307 1193 1369 Eadem
1216 1308 1537 1367 circumlita

206 1381 434 1467 sanguine
469 1388 711 1449 feminae
747 1386 888 1461 suis,
933 1390 1124 1449 minus,
1159 1386 1434 1449 crescent.
1474 1385 1540 1446 Si

209 1464 380 1527 dolent
393 1499 408 1538 5
433 1467 598 1528 laetis
619 1470 817 1528 asinini
832 1486 976 1550 potu
993 1469 1310 1529 mulcentur
1331 1490 1347 1528 ι
1374 1464 1538 1548 quod

208 1545 372 1620 addito
412 1548 596 1610 melle
634 1548 949 1629 sumptum,
975 1551 1039 1611 &
1065 1550 1424 1630 purgationes
1440 1566 1540 1607 ea·

209 1644 314 1686 rum
348 1628 609 1710 adjuvat.
651 1627 818 1689 Sanat
855 1631 923 1690 δι
963 1629 1267 1690 vulvarum
1301 1628 1536 1687 exulce-

208 1709 422 1784 rationes
464 1708 730 1789 ejusdem
773 1709 1030 1770 animalis
1073 1708 1272 1770 sevum
1314 1710 1541 1766 invete-

209 1803 402 1863 ratum,
447 1791 512 1854 &
558 1792 617 1851 in
650 1791 872 1851 vellere
901 1791 972 1851 ad
1019 1791 1232 1850 ositum
1270 1787 1543 1851 duritiem

209 1869 479 1934 vulvarum
518 1872 767 1932 emollit.
807 1869 916 1930 Per
982 1891 1016 1929 e
1040 1870 1188 1930 verb
1220 1887 1418 1928 recens
1441 1863 1546 1927 vel·

208 1947 561 2014 inveteratum
586 1997 603 2022 ,
646 1972 722 2011 ex
770 1949 920 2032 aqui
965 1951 1171 2012 initum
1204 1994 1220 2020 ,
1277 1945 1540 2029 psilothri

208 2030 310 2090 vim
347 2033 594 2094 obtinet.
626 2028 897 2111 Ejusdem
933 2030 1188 2091 animalis
1226 2028 1342 2090 lien
1372 2031 1540 2090 inve-

210 2123 427 2190 teratus,
465 2134 548 2174 ex
601 2113 746 2194 aqua
789 2112 961 2172 illitus
1012 2113 1316 2185 mammis,
1354 2110 1542 2170 abun-

212 2188 429 2253 dantiam
469 2193 645 2254 facit:
680 2193 886 2254 vulvas
926 2191 1111 2267 suffitu
1133 2193 1386 2274 corrigit.
1408 2189 1542 2251 Unae

211 2272 335 2351 gulae
369 2276 601 2335 asininae
634 2271 828 2335 suffitae
867 2292 1091 2357 partum
1133 2286 1418 2334 maturant
1438 2284 1541 2343 ‚ut

208 2352 295 2410 vel
323 2353 554 2418 abortus
585 2374 894 2416 evocetur:
920 2376 1029 2415 nec
1070 2354 1229 2414 aliter
1265 2351 1545 2411 adhiben-

210 2444 315 2504 tur,
357 2437 632 2516 quoniam
668 2437 969 2495 viventem
1029 2450 1253 2514 partum
1311 2438 1548 2490 necant-fi

207 2507 459 2591 Ejusdem
498 2516 754 2577 animalis
795 2513 999 2574 fimum
1035 2516 1082 2573 si
1115 2530 1315 2572 recens
1351 2512 1545 2589 impo-

211 2609 355 2654 natur
375 2641 394 2668 ‚
473 2596 720 2657 rofluvia
756 2593 1034 2674 sanguinis
1064 2592 1209 2650 mire
1241 2588 1435 2648 sedare
1455 2585 1544 2646 di-

210 2674 353 2735 eitur.
392 2618 644 2737 batnon
686 2675 752 2734 &
793 2674 935 2733 cinis
981 2668 1236 2749 ejusdem
1263 2666 1412 2740 fimi,
1444 2666 1548 2749 qui

207 2751 265 2818 &
289 2755 486 2820 vulva
520 2750 756 2841 prodest
785 2752 1106 2837 impositus.
1162 2750 1309 2836 Equi
1345 2745 1554 2833 sputu&
