2000 3600
61 106 64 159 ι

231 237 655 313 Rufum
705 243 852 314 Lib.
891 241 1222 316 XXVIII.
1306 240 1459 339 189·-

61 334 64 419 ἶ
117 373 231 417 mm
267 360 585 431 asininum,
626 357 836 422 anseris
871 361 1101 422 masculi
1127 363 1219 422 adi
1269 382 1301 422 e
1339 362 1446 422 ad·

61 422 64 471 *f
120 439 270 498 mixto
306 438 536 500 illitum.
573 438 722 500 Item
757 459 797 501 a
837 444 992 504 coitu
1032 463 1066 502 e
1146 444 1165 503 i
1253 441 1442 524 irgilio

123 537 322 600 quoque
347 519 694 601 descriptum
715 525 869 583 virus
887 569 902 592 ,
931 526 995 586 δι
1014 464 1260 583 τεῗὶευίἰ
1282 525 1444 603 equi-

125 600 173 656 ni
196 600 367 671 aridi,
405 619 468 660 ut
507 604 734 681 potioni
778 605 948 662 interi
987 606 1246 684 possint,
1296 605 1477 663 dex-'

129 692 260 738 terve
297 682 438 739 asini
476 680 632 741 testis
667 684 727 740 in
771 686 913 743 vino
953 701 1123 762 potus
1207 704 1272 742 ro
1340 702 1347 709 ·
1387 682 1442 742 r'-

132 758 255 818 tione
277 804 295 832 ,
332 761 429 820 vel
470 761 802 842 adalligatus
836 763 1123 824 brachiali.
1163 704 1283 839 {ju
1309 764 1346 823 d
1385 782 1445 823 m

61 906 64 913 ‚
134 842 323 898 acoitu
359 839 556 921 spuma
597 840 833 901 colle&a
886 842 1055 904 roseo
1101 862 1330 924 panno,
1379 843 1445 903 δι
1494 914 1497 917 ,

135 917 310 979 inclusa
340 942 405 979 -ar
483 940 617 994 nto,
652 942 713 982 ut
749 922 1038 984 Osthanes
1073 924 1264 983 tradit.
1319 921 1475 983 Sal-‚-

230 1003 456 1138 {erutae
492 1005 556 1062 in
603 1003 805 1062 oieurn
849 1003 1083 1062 fervens
1134 1005 1315 1083 mergi
1361 1001 1453 1080 ju·

201 1095 219 1137 t
251 1084 416 1160 epties
435 1126 453 1154 ,
480 1103 673 1164 eoque
693 1086 934 1165 perungi
955 1084 1305 1163 pertinentes
1323 1102 1454 1163 par-

140 1173 225 1218 tes.
250 1161 476 1223 Bialcon
518 1167 768 1224 cinerem
810 1184 883 1223 ex
916 1163 1126 1224 eodem
1158 1163 1316 1237 bibi,
1351 1161 1453 1222 vel

143 1243 261 1298 tauri
294 1264 325 1300 a
356 1246 508 1303 coitu
555 1247 805 1315 urinam,
853 1245 1095 1326 lutoque
1139 1242 1263 1324 ipso
1304 1242 1449 1302 illini

207 1321 341 1383 bem.
365 1322 447 1383 At
472 1344 505 1384 e
537 1324 761 1384 diverso
781 1327 958 1384 muris
998 1322 1141 1384 fimo
1168 1322 1314 1385 illito
1338 1345 1478 1384 co-·

179 1402 189 1413 ”
229 1418 334 1460 etur
367 1406 626 1464 virorum
660 1404 878 1466 Venus.
917 1403 1268 1465 Ebrietatem
1296 1420 1453 1464 arcet

149 1481 313 1559 pulmo
334 1487 451 1565 apri
467 1502 564 1544 aut
587 1484 699 1545 suis
719 1483 863 1549 affus
878 1529 896 1557 ,
912 1483 1091 1564 jejuni
1116 1485 1249 1545 cibo
1263 1483 1479 1566 sump··

149 1575 224 1620 tus
254 1582 318 1622 eo
348 1567 440 1625 die
465 1587 480 1624 τ
509 1568 656 1625 item
690 1565 977 1625 hoedinus.
1476 1596 1481 1607 ι

177 1639 462 1707 -LXXXL
513 1666 609 1706 20.
653 1645 808 1706 Mira
847 1663 1124 1726 praeterea
1163 1645 1460 1705 traduntur

152 1718 202 1779 in
233 1723 422 1786 eisdem
460 1727 820 1787 animaiibus.
862 1725 1184 1808 Vestigium
1210 1729 1345 1808 equi
1370 1745 1464 1784 ex·

156 1801 334 1865 cuffum
388 1807 601 1889 ungula
638 1807 739 1889 (ut
788 1806 935 1868 solet
984 1804 1374 1887 plerumque)
1419 1805 1492 1881 si*

224 1885 270 1943 is·
296 1886 584 1948 colleSium
629 1904 915 1968 reponat,
960 1885 1496 1966 singultfissemew

157 1902 291 2030 gum
326 1965 431 2028 esse
469 1967 905 2029 recordantibus
944 1985 1198 2046 quonam
1232 1964 1368 2025 ¹loco
1404 1963 1492 2023 ἰᾶ-

157 2045 493 2124 reposuerint.
537 2049 709 2110 Jecur
753 2047 1020 2128 luporum
1073 2048 1296 2128 equinae
1360 2066 1493 2105 un·-

228 2125 282 2187 lae
312 2128 487 2189 simile
529 2128 682 2202 effe,
707 2131 773 2191 &
809 2129 997 2209 rumpi
1035 2146 1216 2208 equos
1242 2128 1339 2209 qui
1363 2147 1467 2186 ve·

203 2206 306 2286 igia,
321 2207 590 2291 luporum
632 2208 731 2268 sub
776 2210 971 2291 equite
1008 2206 1324 2291 sequantur.
1349 2205 1469 2268 Ta·

162 2281 223 2342 lis
250 2285 392 2348 suum
426 2289 721 2351 discordiae
766 2292 885 2349 vim
925 2288 1231 2370 quamdam
1274 2284 1497 2346 ineffe.:

164 2360 225 2422 lu
251 2367 550 2443 incendiis,
591 2369 802 2431 sifimi
856 2369 1074 2451 aliquid
1134 2383 1393 2448 egeratur
1437 2377 1497 2444 e,

167 2438 360 2508 stabulis
378 2494 397 2523 ,
438 2449 657 2510 faciliiis
694 2449 954 2521 extrahi,
1009 2467 1118 2507 nec
1178 2463 1501 2524 recurrerev

170 2542 288 2586 oves
319 2528 635 2612 bovesque.
694 2530 1011 2591 Hircorum
1067 2545 1266 2585 carnes
1316 2527 1478 2583 virus

172 2619 270 2664 nen
304 2612 584 2692 resipere,
622 2609 672 2669 si
703 2627 917 2689 panem
965 2605 1350 2663 hordeaceum
1405 2621 1480 2661 eo

171 2681 282 2756 die,
310 2710 419 2770 quo
470 2686 922 2757 interficiantur,
961 2683 1188 2744 ederint
1209 2726 1228 2754 ,
1264 2678 1511 2741 laserve.

67 2829 79 2840 ,
168 2760 387 2832 dilutum
421 2770 695 2833 biberint.
746 2764 950 2829 Nullas
987 2764 1131 2834 verb
1165 2760 1501 2854 teredinem}ae
