2000 3600
448 245 572 318 Ηι
590 267 635 317 s
658 265 775 318 ro
796 264 866 317 n.
891 247 1032 319 Lib.
1048 246 1319 321 XXVL
1461 271 1554 344 37

214 363 267 428 lo
293 365 460 449 quam
495 367 746 440 malvae,
782 368 1030 428 caulibus
1062 368 1372 440 tenuibus,
1402 367 1559 448 pilo-

214 449 308 522 sis,
340 448 626 510 ramosam
645 469 717 508 ex
732 451 1075 521 intervallis,
1097 450 1294 509 binfim
1332 450 1561 531 palmo·

208 549 355 600 rum,
391 531 456 591 &
485 533 546 589 in
586 531 669 589 his
702 528 852 589 foliis
873 573 894 602 ,
927 532 1077 590 inter
1116 552 1242 612 quae
1276 533 1335 589 in
1377 550 1557 591 cacu-

205 611 436 670 minibus
481 610 729 690 capitula
762 613 869 670 sint
930 632 1114 670 tuum.
1156 612 1423 671 Alterum
1443 630 1557 693 ge·-

202 709 297 748 nus
315 688 464 750 foliis
489 711 840 763 anemones,
915 691 1133 752 ivisuris
1160 691 1549 774 longioribus,

202 771 379 832 radice
399 771 536 832 mali
564 772 747 831 modo
769 771 1016 831 rotunda
1035 816 1052 844 ,
1080 771 1267 843 dulci,
1288 771 1552 832 reficien-

202 850 339 911 tibus
375 851 432 912 se
471 853 551 912 ab
585 853 975 913 imbecillitate
1010 852 1306 912 utilissima
1332 875 1347 914 z
1372 854 1435 914 δι
1457 851 1550 913 fe-

202 949 259 991 re
291 931 410 993 talis
452 953 601 993 vera
638 931 740 993 est.
786 931 1006 994 Bibitur
1050 949 1248 994 contra
1297 933 1552 1014 phthisin

204 1010 460 1072 drachma
483 1016 547 1072 in
569 1015 692 1075 vini
713 1015 939 1093 cyathis
957 1013 1135 1073 tribus
1151 1014 1241 1072 bis
1265 1013 1380 1074 die.
1401 1012 1551 1077 Item

205 1108 384 1152 contra
424 1094 801 1154 inflationes:
838 1094 904 1155 δι
927 1094 1105 1154 cruda
1136 1094 1289 1153 idem
1353 1092 1553 1157 raestat.

208 1168 396 1234 Succus
437 1175 652 1235 radicis
681 1174 911 1234 auribus
950 1174 1236 1235 medetur.
1336 1172 1553 1256 pistho·

200 1256 390 1315 tonicis
426 1253 627 1315 semen
668 1255 951 1315 drachmis
1037 1272 1242 1315 uatuor
1285 1276 1418 1316 cum
1457 1259 1549 1337 pi-

200 1351 325 1412 pere
358 1336 422 1395 &
462 1334 711 1417 myrrha
757 1352 977 1416 potum.
1067 1336 1280 1396 hthisin
1311 1335 1461 1396 sanat
1482 1338 1548 1399 &

197 1412 512 1496 plantaginis
559 1415 754 1476 succus
775 1460 795 1490 ‚
824 1417 870 1475 si
907 1417 1167 1488 bibatur,
1200 1418 1264 1479 δι
1296 1415 1412 1498 ipsa
1439 1417 1546 1478 de·

198 1493 359 1557 coeka.
388 1495 453 1556 In
491 1495 634 1557 cibo
673 1516 807 1556 cum
844 1496 954 1557 sale
975 1499 1041 1558 ὃ(
1061 1497 1198 1558 oleo
1216 1542 1238 1569 ,
1259 1498 1325 1559 δι
1347 1519 1380 1556 a
1398 1496 1548 1558 som·

198 1593 271 1634 no
291 1580 572 1638 matutino
589 1622 609 1652 ‚
641 1575 955 1659 refrigerat.
990 1577 1214 1638 Eadem
1238 1579 1402 1638 datur
1421 1579 1510 1638 bis
1525 1618 1547 1657 ,

198 1673 332 1794 sstos
353 1659 634 1740 atrophos
660 1675 909 1731 vocant,
940 1660 1292 1741 interpositis
1321 1658 1549 1721 diebus.

192 1780 200 1788 .
253 1741 487 1801 ettonica
524 1740 677 1802 verb
712 1739 1375 1822 phthisicis‚.ecligmate
1410 1758 1547 1802 cum

194 1818 390 1892 melle,
436 1821 589 1882 fabae
626 1842 720 1881 ma
796 1822 1019 1882 itudine
1056 1844 1073 1882 t
1116 1823 1403 1902 agaricum
1433 1839 1550 1900 po·

200 1911 310 1959 tum
345 1901 572 1963 duobus
615 1841 805 1962 0120ss
846 1903 905 1961 in
937 1899 1137 1982 passo,
1178 1900 1278 1960 vel
1321 1899 1546 1961 daneon

198 1995 322 2037 cum
364 1985 662 2046 centaurio
721 1978 946 2061 majore
989 1983 1048 2040 in
1099 1982 1260 2042 vino.
1319 1978 1543 2064 Phage-

198 2056 361 2120 daenis
398 2061 610 2205 5}qu
644 2082 865 2122 nomen
900 2063 1023 2122 sine
1055 2063 1236 2123 modo
1288 2060 1543 2123 esurien-

197 2139 327 2200 tium
365 2163 395 2202 e
457 2189 478 2218 ‚
501 2146 573 2206 &
604 2142 741 2204 alias
773 2139 1069 2224 ulcerum)
1102 2142 1398 2224 tithymali
1420 2163 1544 2208 mee

198 2218 391 2282 dentur
418 2246 560 2285 curn
591 2223 817 2285 sesamis
856 2223 1085 2305 sumpti.

269 2299 470 2365 LXIX.
514 2304 671 2365 Inter
709 2306 858 2382 mala
896 2307 1149 2366 universi
1179 2305 1441 2385 corporis
1461 2307 1541 2366 vi.-

200 2379 331 2518 fi'tliae
353 2384 478 2445 sunt
513 2385 818 2467 plerisque.
847 2385 1071 2445 Harum
1090 2387 1350 2447 remedio
1379 2406 1546 2445 mow-

249 2479 386 2523 tatur
440 2487 724 2548 panaces,
760 2467 1069 2546 clymenos
1089 2511 1109 2540 ‚
1144 2464 1545 2540 aristolochia,

204 2537 264 2598 &
296 2544 511 2614 odore,
562 2549 627 2609 &
668 2545 945 2628 peruncio
1006 2549 1229 2628 capite:
1273 2550 1545 2621 aizoum,

206 2618 322 2679 sive
354 2624 550 2687 sedum
571 2671 592 2699 ‚
637 2629 686 2685 si
723 2629 1055 2687 involutum
1102 2645 1296 2704 panno
1338 2624 1542 2708 nigro,
1593 2667 1603 2680 .

198 2697 496 2779 ignorantis
536 2706 781 2788 pulvino
817 2704 1171 2783 subjiciatur:
1196 2704 1261 2764 ὃ(
1299 2706 1541 2770 onothe-

188 2796 290 2858 ta,
317 2786 438 2851 sive
472 2789 673 2852 oum-is
683 2827 707 2864 ,
731 2786 1071 2856 hilaritatem
1087 2784 1352 2855 adferens
1369 2791 1428 2853 ia
1444 2793 1540 2858 vi·
