2000 3600
455 290 604 383 246
717 288 790 358 C.
836 288 1210 357 ΡιιΝιι
1249 284 1628 356 NATUR-

454 410 636 474 mutis
658 407 849 468 aranei
871 403 1163 466 morsibus
1195 402 1484 465 adversari
1521 424 1643 481 eas,
1667 419 1796 487 quo·

451 494 607 553 niam
629 490 695 550 ὃ(
715 505 868 548 terra
900 487 1107 547 orbitis
1132 484 1161 568 (
1181 505 1245 547 ut
1262 485 1560 569 diximus)
1582 484 1797 569 depresse

449 571 512 633 fi
541 568 889 631 adversatur.
1098 614 1105 621 .

553 647 726 711 vul.
779 648 1005 711 Cetero
1058 648 1323 710 dentium
1374 648 1671 711 doloribus
1740 662 1799 710 ut

453 731 636 793 iidem
669 730 943 812 narrant)
978 730 1247 792 medetur
1285 750 1498 791 canum
1534 733 1629 814 qui
1659 751 1713 790 ra
1748 733 1800 790 ie

452 815 787 899 perierunt,
814 835 881 873 ca
922 815 1068 874 itum
1108 814 1248 872 cinis
1292 830 1673 873 crematorum
1691 813 1804 871 sine

457 896 727 956 carnibus
748 939 769 969 ,
799 895 857 953 in
911 893 1098 955 illatus
1134 913 1206 952 ex
1243 893 1383 954 oleo
1434 896 1676 976 cyprino
1708 911 1802 974 per

457 997 662 1039 aurem
684 1022 704 1051 ‚
752 974 917 1056 cujus
950 995 983 1036 e
1023 992 1186 1056 parte
1245 974 1509 1035 doleant.
1573 972 1803 1036 Caninus

457 1057 610 1119 <lens
666 1054 890 1118 sinister
940 1059 1222 1117 maximus
1244 1100 1266 1131 ,
1295 1054 1805 1117 circumscarificato

456 1159 542 1200 eo
585 1141 684 1222 qui
720 1138 917 1199 doleat
944 1160 964 1200 τ
992 1154 1091 1198 aut
1146 1136 1412 1198 draconis
1449 1158 1521 1199 os
1561 1158 1593 1198 e
1629 1135 1803 1219 spinat

457 1221 609 1280 item
650 1218 1012 1299 enhydridis.
1049 1216 1150 1278 Est
1187 1234 1382 1278 autem
1407 1215 1636 1300 serpens
1670 1214 1803 1278 mas·-

461 1301 627 1361 eulus
664 1301 729 1361 &
765 1300 950 1362 albus.
987 1296 1179 1379 Hujus
1212 1300 1472 1360 maximo
1510 1300 1679 1362 dente
1706 1300 1805 1358 cir-

457 1377 938 1442 cumscarificant.
993 1379 1081 1440 At
1111 1380 1172 1440 in
1201 1378 1563 1463 superiorum
1620 1380 1809 1441 dolore

459 1461 622 1539 duos,
652 1460 973 1544 superiores
1026 1459 1369 1544 adalligant,
1410 1480 1444 1523 e
1476 1461 1700 1525 diverso
1734 1462 1810 1520 in-

468 1540 731 1604 feriores,
755 1540 946 1622 Hujus
966 1542 1055 1603 ad'
1104 1561 1137 1601 e
1155 1544 1685 1625 perunguntur,qui
1701 1552 1811 1602 cro·

461 1622 726 1685 codilum
754 1639 1005 1706 captant.
1101 1640 1261 1684 entes
1280 1620 1661 1685 scarifieantur
1678 1624 1811 1684 ossi-

461 1704 574 1765 bus
604 1703 830 1766 lacertae
863 1724 896 1765 e
932 1703 1126 1764 fronte
1170 1703 1333 1764 Luni
1371 1706 1545 1788 plena
1585 1725 1813 1786 exemp-

463 1787 575 1858 tis,
609 1788 691 1849 ita
729 1808 804 1849 ne
836 1786 1047 1848 t‘erram
1080 1787 1380 1870 attingant.
1426 1784 1704 1850 Colluunt
1733 1806 1813 1847 ca·

463 1870 617 1930 ninis
658 1869 925 1930 dentibus
959 1866 1215 1929 decoffls
1256 1870 1318 1928 in
1355 1870 1501 1931 vino
1542 1869 1615 1930 ad
1657 1868 1815 1929 dimi·

464 1950 595 2010 dias
628 1967 839 2033 partes·
868 1947 1034 2012 Cinis
1054 1969 1256 2011 eorum
1279 1970 1494 2032 pueros
1511 1951 1671 2012 tarde
1687 1950 1818 2009 den·

468 2032 680 2090 tientes
716 2030 953 2110 adjuvat
987 2051 1123 2091 cum
1145 2030 1341 2092 melle.
1365 2031 1457 2092 Fit
1476 2031 1689 2093 eodem
1703 2050 1817 2091 mo-

469 2109 552 2169 do
597 2111 662 2170 &
702 2109 1111 2173 dentifricium.
1152 2109 1331 2174 Cavis
1352 2113 1617 2173 dentibus
1639 2114 1816 2174 cinise

463 2189 693 2250 murino
730 2188 873 2249 fimo
910 2191 1161 2266 inditur,
1181 2191 1461 2274 veljecur
1494 2194 1816 2255 lacertarum

464 2270 711 2330 aridum.
741 2269 1083 2411 Auginum
1118 2294 1223 2333 cor
1255 2276 1304 2335 si
1326 2274 1695 2350 mordeatur,
1729 2286 1816 2333 aut

469 2349 765 2435 alligetur,
790 2372 820 2411 e
889 2372 993 2412 cax
1024 2351 1289 2414 habetur.
1328 2353 1474 2416 Sunt
1503 2359 1655 2418 inter
1684 2374 1818 2425 eos,

509 2436 567 2493 ui
601 2451 827 2493 murem
859 2432 951 2493 bis
984 2434 1046 2492 in
1081 2433 1282 2496 mense
1324 2434 1563 2515 jubeant
1602 2435 1817 2505 mandi,

466 2454 817 2597 doloresque
850 2515 931 2575 ita
958 2535 1187 2577 cavere.
1221 2516 1474 2578 Vermes
1506 2520 1717 2579 terreni
1735 2514 1819 2575 de·

467 2594 617 2657 coffi
649 2597 708 2656 in
748 2595 1108 2671 oleo,infusi
1150 2618 1223 2658 ue
1268 2599 1540 2660 auriculae
1560 2642 1580 2673 ‚
1610 2597 1765 2680 cujus
1787 2611 1819 2652 a

466 2694 630 2758 parte
676 2676 954 2752 doleant,
989 2699 1106 2760 prae
1159 2694 1256 2738 ant
1285 2679 1700 2740 levamentum.
1714 2675 1819 2738 Eo-

465 2757 738 2816 rumdetn
776 2761 920 2818 cinis
956 2761 1146 2819 exesis
1188 2758 1456 2821 dentibus
1491 2759 1817 2840 cuniadas,

407 2917 417 2928 ι
458 2852 539 2894 ox
567 2834 720 2898 facili
757 2839 975 2900 cadere
1014 2860 1121 2901 eos
1150 2842 1350 2922 cogit:
1403 2842 1664 2924 integros
1714 2838 1817 2906 ὀρ·
