2000 3600
360 272 447 344 H
463 291 498 343 1
522 291 565 342 s
595 289 644 343 τ
671 290 721 343 o
746 292 823 344 R.
847 271 1344 348 Lib.XXVIII.
1448 300 1476 350 1
1495 299 1583 373 27

239 389 287 450 in
319 387 690 474 Cappadocia
722 393 1029 455 inventum
1060 393 1293 474 prodit,
1329 393 1412 456 ob
1435 397 1587 457 mul·

228 473 514 534 -titudinem
547 471 958 537 cantharidum.
1004 473 1095 537 Ire
1134 494 1275 559 ergo
1305 495 1414 557 per
1454 495 1586 540 me·

244 552 321 614 dia
371 574 502 617 arva
519 600 535 626 ,
565 554 793 616 retectis
844 554 1014 642 super
1069 555 1263 617 clunes
1308 555 1591 623 vestibus:

240 632 378 694 Alibi
410 634 700 709 servatur,
737 652 803 695 ut
833 638 1004 697 nudis
1033 637 1276 717 pedibus
1295 655 1457 711 eant,
1477 661 1580 701 ca·

234 714 360 794 pillo
396 715 690 798 cinEiuque
729 714 1021 779 dissoluto.
1046 714 1394 779 Cavendum
1411 740 1487 781 ne
1507 720 1573 783 id

236 796 435 857 oriente
452 794 590 858 Sole
611 796 820 858 faciant
844 819 860 859 ε
898 797 1218 859 sementem
1247 800 1402 860 enim
1428 800 1574 861 ares·

229 894 369 938 cere·
403 876 548 938 Item
593 878 856 939 novellas
874 882 1027 942 vites
1049 877 1172 959 ejus
1191 879 1342 962 tafilu
1359 882 1419 940 in
1443 900 1575 962 per·

224 972 446 1036 petuum
492 958 662 1019 laedi:
700 976 889 1021 rutam
922 962 988 1023 δι
1012 961 1244 1035 ederas,
1271 980 1363 1020 res
1381 961 1574 1022 medi-

227 1039 517 1098 tatissimas
538 1084 559 1113 ‚
589 1039 753 1100 illico
791 1042 965 1101 mori.
1009 1039 1201 1101 Multa
1235 1040 1483 1101 diximus
1500 1042 1577 1104 de

226 1113 327 1178 hac
353 1119 643 1181 violentia.
686 1117 803 1180 Sed
838 1138 1048 1202 praeter
1084 1121 1178 1181 ina
1215 1137 1438 1181 certum
1457 1120 1575 1194 est,

226 1217 354 1279 apes
385 1199 538 1261 taffls
573 1200 841 1262 alveariis
882 1199 1121 1284 fugere:
1155 1202 1267 1262 lina
1286 1247 1305 1277 ,
1326 1203 1461 1263 citm
1478 1224 1578 1265 co-

301 1295 484 1354 mitur,
525 1279 882 1364 nigrescere:
910 1285 1096 1343 aciem
1124 1284 1183 1341 in
1220 1285 1417 1344 cultris
1445 1299 1577 1345 ton·

248 1380 401 1420 orum
434 1360 807 1423 hebetescere
842 1385 859 1425 2
894 1380 979 1424 aes‘
1008 1363 1336 1425 conta&um
1392 1384 1573 1446 grave

221 1441 372 1501 virus
404 1442 598 1504 odoris
641 1445 900 1524 accipere
945 1445 1011 1506 δε
1049 1447 1362 1525 aeruginem
1388 1488 1409 1517 ‚
1449 1465 1574 1505 ma-

221 1522 307 1601 gis
341 1522 386 1581 si
418 1520 782 1584 decrescente
810 1524 973 1584 Luna
994 1524 1057 1584 id
1080 1526 1330 1587 accidat:
1354 1545 1386 1584 e
1431 1545 1573 1600 uas,

218 1602 265 1660 si
302 1604 408 1662 sint
431 1602 715 1685 gravidae‚
733 1603 900 1666 taRas
938 1604 1203 1665 abortum
1229 1608 1365 1687 pati.
1392 1546 1571 1685 Quin

215 1681 281 1742 &
318 1681 539 1765 aspeau
576 1686 818 1745 omnino
832 1730 854 1759 ‚
874 1688 1140 1765 quamvis
1164 1686 1371 1767 procul
1387 1685 1535 1748 visas
1551 1731 1574 1761 ,

216 1764 260 1824 si
278 1766 532 1848 purgatio
562 1764 663 1825 illa
685 1763 816 1846 post
835 1768 1227 1849 virginitatem
1245 1769 1433 1846 prima
1455 1767 1529 1826 sit
1548 1811 1570 1843 ,

212 1862 304 1905 aut
325 1849 381 1905 in
400 1848 622 1929 virgine
661 1850 843 1908 aetatis
877 1846 1104 1928 sponte.
1123 1846 1279 1906 Nam
1303 1846 1569 1908 bitumen

212 1926 268 1984 in
306 1924 500 1987 Judaea
538 1925 814 2000 nascenS‚
845 1924 969 1987 sola
1009 1928 1118 1987 hac
1141 1928 1203 1988 vi
1226 1924 1571 2010 superarifi-

211 2003 269 2067 lo
291 2007 464 2069 vestis
502 2007 809 2080 conadae,
832 2006 1154 2070 docuimus·
1179 2006 1273 2069 Ne
1291 2011 1425 2092 igne
1449 2012 1573 2092 qui·

210 2086 338 2148 dem
368 2090 621 2150 vincitur
642 2134 662 2165 ‚
693 2110 812 2171 quo
838 2088 1077 2151 cancia:
1112 2089 1364 2172 cinisque
1389 2092 1567 2153 etiam

208 2167 330 2244 ille,
347 2172 393 2229 si
416 2171 544 2252 quis
567 2168 822 2253 aspergat
839 2170 1095 2232 lavandis
1110 2170 1365 2233 vestibus
1385 2216 1405 2242 ‚
1428 2191 1568 2253 pur-

211 2267 371 2326 puras
401 2267 620 2324 mutat,
652 2251 860 2312 florem
897 2252 1193 2312 coloribus
1225 2252 1464 2326 adimit,
1486 2270 1564 2313 ne

206 2328 336 2408 ipsis
360 2331 601 2413 quidem
634 2329 865 2393 feminis
896 2333 1054 2394 malo
1074 2331 1179 2393 suo
1199 2333 1353 2393 inter
1374 2330 1432 2392 se
1454 2333 1565 2392 im-

207 2413 486 2472 munibus.
519 2409 815 2473 Abortum
845 2411 978 2474 facit
1016 2412 1227 2489 illitus»,
1246 2429 1347 2474 aut
1367 2414 1415 2472 si
1438 2431 1566 2472 om·

206 2490 335 2551 nino
380 2512 682 2575 praegnans
711 2492 1194 2576 supergrediatur.
1225 2492 1387 2573 Quae
1433 2491 1567 2562 Lais

205 2569 268 2629 &
301 2570 638 2654 Elephantis
666 2575 818 2634 inter
850 2573 908 2634 se
941 2576 1224 2635 contraria
1294 2570 1567 2634 rodidere

205 2648 276 2709 de
317 2654 600 2716 abortivis
621 2699 641 2728 ,
663 2653 916 2714 carbone
957 2673 992 2714 e
1031 2653 1222 2713 radice
1331 2652 1565 2727 assicae,

203 2731 297 2790 vel
318 2735 504 2815 myrti
514 2777 539 2807 ,
555 2735 658 2796 vel
689 2735 972 2795 tamaricis
996 2735 1054 2795 in
1075 2755 1149 2795 eo
1174 2731 1441 2817 sanguine
1462 2754 1563 2797 ex·

192 2810 417 2881 tinfloe.
455 2815 602 2879 item
632 2817 824 2879 asinas
861 2837 980 2881 non
1009 2816 1322 2960 concipFere
1344 2829 1433 2880 tot
1462 2836 1562 2881 an·

1289 2917 1355 2966 IV.
