2000 3600
504 274 600 355 54
738 253 818 325 C.
866 205 1227 324 ΡιιΝιι
1273 250 1657 322 ΝΑτυκ.

495 373 797 458 papaveris
857 371 1065 434 modo.
1103 356 1446 511 Thelzgmi
1487 387 1636 452 potu
1684 365 1868 433 semla

497 476 631 519 nam
672 454 903 536 concipi
941 469 1185 514 narrant.
1218 450 1276 512 A
1366 471 1647 534 nogonon
1677 451 1754 512 ab
1790 452 1866 514 ea

494 530 904 613 semineoleaq
926 579 948 611 ‚
988 554 1097 594 nec
1131 532 1247 594 alio
1296 530 1480 597 distat.
1509 528 1702 612 Hujus
1749 553 1867 614 po-

490 616 567 679 'tu
606 636 792 677 mares
837 615 1095 699 generari
1131 611 1506 696 perhibentur
1525 657 1547 686 ,
1587 614 1638 673 si
1671 613 1865 674 credi·

498 717 651 761 mus.
701 696 824 760 Alii
857 714 1158 779 utramque
1203 695 1400 755 ocimo
1444 693 1718 775 simileml
1748 709 1866 755 tra-

498 777 665 839 dunt.
701 776 1066 860 Arsenogoni
1103 793 1301 837 autem
1334 773 1529 837 semen
1564 774 1866 858 geminum
1973 774 1974 777 ’

503 855 618 935 ess'e
656 856 892 920 testibus
934 855 1136 918 simile.
1187 931 1192 934 ‘

442 966 445 971 ’
581 936 775 1001 XCII.
811 931 1216 999 Mammarutn'
1231 934 1386 996 vitiis
1407 936 1634 996 aizoum
1654 980 1675 1010 ,
1701 934 1866 1016 quod

501 1018 826 1100 digitellum
868 1014 1287 1103 appellavimus
1305 1060 1328 1092 ‚
1365 1016 1534 1078 unice
1571 1016 1864 1078 medetur.

501 1099 786 1182 Erigeron
822 1120 897 1160 ex
929 1097 1087 1180 passo
1121 1116 1399 1158 mammas
1442 1097 1743 1158 uberiores
1771 1095 1867 1157 fa-

503 1182 620 1241 cit:
664 1177 939 1240 sonchum
969 1181 1030 1238 in
1060 1175 1207 1238 farre
1239 1174 1490 1239 coaum.
1526 1175 1687 1257 Quae
1719 1177 1868 1240 verb

500 1256 715 1322 mastos
762 1275 1005 1322 vocatur
1026 1302 1046 1331 ,
1083 1257 1261 1333 illita,
1299 1258 1451 1338 pilos
1485 1277 1868 1320 mammarum

503 1360 538 1401 e
562 1356 731 1420 partu
762 1338 1112 1400 nascentium
1135 1336 1352 1400 aufert:
1379 1336 1551 1400 testas
1583 1340 1644 1397 in
1673 1337 1822 1400 facie
1842 1383 1867 1411 ,

501 1419 728 1501 aliaque
782 1422 927 1480 cutis
985 1420 1133 1480 vitia
1181 1418 1469 1478 emendat.
1529 1414 1865 1493 Gentiana,

500 1501 817 1581 nymphea
836 1500 1103 1561 Heraclia
1136 1498 1306 1573 illita,
1326 1498 1639 1579 cyclamini
1662 1499 1866 1573 radix,

501 1581 753 1643 maculas
794 1602 1021 1644 omnes.
1063 1576 1312 1641 Cacaliae
1348 1599 1523 1662 grana
1547 1581 1732 1641 mixta
1764 1600 1866 1640 ce-

503 1682 584 1722 :ae
610 1662 841 1743 liquidae
862 1661 1178 1722 extendunt
1201 1675 1395 1720 cutem
1414 1661 1474 1718 in
1507 1654 1651 1720 facie
1675 1705 1701 1733 ,
1742 1680 1865 1722 eru·

501 1759 638 1827 gant
679 1763 789 1806 ue:
822 1745 963 1805 vitia
993 1742 1190 1803 omnia
1219 1741 1376 1801 acori
1394 1739 1552 1801 radix
1573 1740 1866 1803 emendat.

584 1823 644 1887 X
703 1822 806 1886 III.
827 1822 1119 1907 Capillum
1141 1821 1522 1903 Lysimachia
1535 1820 1759 1882 flavum
1776 1818 1865 1886 fa·-

503 1905 620 1966 cit:
656 1906 914 1989 denigrat
952 1905 1315 1988 hypericon,
1352 1893 1514 1985 quod
1554 1902 1620 1965 &
1655 1905 1865 1967 corion

504 2002 771 2046 vocatur.
1083 2047 1086 2050 Α

583 2060 737 2124 Item
778 2063 1001 2142 ophrys
1024 2062 1203 2128 herba
1240 2057 1588 2123 denticulato
1614 2061 1766 2124 oleri
1797 2063 1870 2123 si-

501 2140 688 2204 milis:
712 2141 871 2206 foliis
899 2141 1146 2201 duobus.
1190 2141 1268 2202 Ni
1310 2144 1496 2203 titiam
1530 2141 1625 2203 dat
1653 2144 1724 2205 &
1761 2142 1867 2204 Po·

499 2223 755 2284 lemonia
774 2267 793 2297 ,
821 2223 882 2282 in
913 2223 1052 2282 oleo
1097 2222 1246 2283 deco
1338 2265 1355 2286 .
1387 2221 1736 2284 psilothrum
1756 2245 1867 2285 nos

542 2303 741 2363 uidem
780 2306 840 2363 in
885 2303 1263 2365 muliebribus
1289 2301 1724 2365 medicamentis
1758 2321 1869 2365 tta·

502 2324 754 2445 gamus:
782 2385 990 2446 verbm
1033 2381 1150 2464 jam
1197 2385 1264 2447 δι
1310 2385 1449 2445 viris
1492 2381 1575 2445 est
1627 2385 1689 2445 in
1742 2383 1869 2447 usu.

501 2461 973 2528 Efficacissimum
997 2485 1189 2526 autem
1229 2464 1469 2526 habetur
1484 2461 1865 2528 archezosti-s:

501 2548 647 2608 item
681 2546 967 2629 tithymali
1012 2543 1182 2607 succo
1216 2590 1241 2617 ‚
1284 2544 1387 2607 vel
1430 2547 1491 2605 in
1539 2542 1696 2605 Sole.
1723 2566 1870 2606 cum

504 2628 644 2689 oleo
688 2628 835 2691 illito
869 2628 1077 2690 crebre>
1098 2671 1118 2701 ,
1151 2625 1254 2686 vel
1286 2624 1503 2686 evulsis
1522 2623 1673 2706 pilis.
1698 2623 1869 2765 qua-

503 2705 834 2787 drupedum
853 2708 1100 2769 scabiem
1120 2704 1272 2766 sanat
1285 2703 1598 2788 hyssopum
1613 2726 1686 2769 ex
1701 2728 1742 2782 9
1765 2727 1869 2786 eo,

503 2782 670 2846 suum
706 2791 939 2870 anginas
972 2786 1337 2867 peculiariter
1361 2785 1870 2850 sideritinverhm

502 2866 573 2930 &
608 2865 825 2952 reliqua
860 2885 1077 2948 genera
1103 2863 1414 2930 herbarum
1453 2865 1788 2934 reddamus.
