2000 3600
436 248 536 345 76
696 251 769 320 C.
822 243 1649 320 Pztzth'NAwm

438 373 513 429 tis
548 386 716 450 atque
756 364 1046 429 fistulosae.
1070 363 1352 428 Curatum
1391 365 1461 426 ea
1501 364 1806 441 scio,em·'

439 451 606 519 nibus
640 447 761 507 fere
807 447 1034 507 ossibus
1093 445 1434 520 confraciis,
1466 448 1631 528 prola
1677 446 1808 508 sum

441 550 513 591 ex
550 528 753 588 arbore
777 527 893 589 alta
916 543 1244 608 putatorem
1262 571 1286 599 ,
1305 468 1810 588 circumdati-,uni-

436 606 608 677 verso
633 609 896 689 corpori,
917 627 1123 690 aquam
1146 606 1301 667 suam
1323 605 1756 688 aspergentibus
1776 649 1806 681 ,

483 689 672 748 uoties
704 686 1087 759 inaresceret,
1126 686 1402 769 raroque,
1427 706 1536 746 nec
1573 689 1683 747 nisi
1701 687 1808 748 de-

437 709 734 837 zcientem
769 768 1012 829 herbam
1051 769 1385 828 mutationis
1422 766 1591 826 causa
1613 766 1810 828 resol-

437 849 708 916 ventibus
725 892 752 920 ,
800 846 1143 911 convaluisse
1183 848 1284 910 vix
1330 847 1594 908 credibili
1647 848 1811 909 cele-

438 931 626 994 ritate.

467 1081 476 1092 ·
521 1008 739 1073 XLVI..
777 1033 836 1093 9.
872 1008 1077 1072 Cocco
1123 1004 1340 1070 Cnidio
1379 1006 1546 1074 color
1598 1009 1813 1083 cocci,'

440 1091 779 1172 magnitudo
822 1111 1001 1171 grano
1046 1091 1263 1172 piperis
1302 1085 1525 1168 major,
1561 1091 1651 1150 vis
1706 1109 1810 1148 ar-

441 1172 609 1241 dens.
648 1168 846 1250 Itaque
884 1172 941 1229 in
978 1188 1129 1249 pane
1170 1168 1483 1229 devoratur
1523 1187 1599 1227 ne
1654 1168 1812 1229 adu·-

439 1268 560 1322 rat,
591 1252 723 1309 cum
762 1248 953 1343 gulam
990 1250 1215 1311 transit.
1259 1248 1414 1310 Huic
1438 1249 1529 1313 vis
1551 1246 1812 1330 praesen-

443 1348 616 1401 tanea
647 1346 849 1391 contra
884 1345 1159 1390 cicutam.

462 1468 470 1476 ,
527 1407 770 1472 XLVII.
807 1406 963 1470 Sistit
995 1408 1192 1471 alvum
1230 1409 1288 1471 di
1332 1408 1487 1470 satos
1508 1431 1524 1471 ε
1546 1406 1686 1471 folia
1708 1409 1814 1471 ha·'

441 1489 546 1557 bet
585 1487 814 1550 lactucae
844 1534 863 1560 ,
916 1488 1210 1571 bullasque
1327 1488 1511 1552 inosas
1543 1491 1603 1549 in
1644 1490 1815 1551 dorsi

443 1569 649 1632 medio
669 1614 691 1643 ‚
729 1569 957 1631 caulem
995 1570 1177 1631 duum
1215 1512 1541 1631 cussitorum
1560 1615 1580 1644 ‚
1603 1568 1815 1631 iisdem

378 1659 382 1669 ’
444 1649 619 1733 spinis
655 1651 985 1726 horridum,
1018 1651 1279 1733 genicula
1308 1649 1433 1730 ejus
1468 1650 1615 1710 binis
1650 1647 1815 1711 foliis

430 1730 958 1815 ,ampleflentibuffi
995 1752 1258 1792 concavo
1300 1731 1530 1791 alarum
1565 1732 1724 1806 sinu,
1745 1733 1817 1792 in

451 1835 576 1897 quo
620 1812 863 1874 substitit
898 1833 1014 1873 ros.
1032 1810 1216 1873 salsus.
1254 1810 1321 1873 In
1375 1814 1668 1888 cacumine
1708 1832 1820 1874 ca-

449 1894 632 1975 pitula
650 1893 777 1955 sunt
798 1894 1055 1955 echinata
1073 1891 1106 1953 s
1136 1894 1263 1953 inis.
1282 1892 1544 1953 Nascitur
1558 1894 1616 1953 in
1631 1912 1822 1973 aquo·

449 1975 548 2034 sis.
584 1973 758 2045 Sanat
795 1976 967 2038 rimas
1003 1916 1181 2035 faiis.
1219 1972 1367 2035 Item
1394 1972 1604 2035 fistulas
1623 1972 1814 2033 deco-

447 2049 542 2113 &a
580 2054 640 2112 in
684 2053 829 2112 vino
870 2054 1065 2113 radice
1086 2097 1105 2122 ,
1141 2052 1320 2135 usque
1355 2053 1496 2113 dum
1537 2056 1608 2114 sit
1642 2073 1819 2113 cras·-

448 2131 645 2203 sjtudo
691 2152 837 2194 cerae
861 2178 881 2205 ‚
920 2149 984 2193 ut
1032 2134 1215 2214 possit
1256 2135 1317 2192 in
1360 2129 1574 2194 fistulas
1613 2133 1819 2215 colly-

370 2287 379 2298 δ
441 2215 600 2282 sium
631 2214 801 2294 mitti.
840 2210 991 2273 Item
1030 2230 1301 2272 verrucas
1342 2214 1605 2272 omnium
1638 2233 1822 2315 gene-

451 2313 602 2370 rum.
636 2290 899 2372 Quidam
935 2292 1000 2354 &
1039 2291 1252 2352 alarum
1270 2334 1291 2364 ‚
1327 2312 1468 2373 quas
1511 2291 1688 2374 supra*
1723 2295 1821 2366 diff

453 2375 683 2444 ximus,
725 2371 954 2433 succum
981 2371 1207 2431 illinunt
1236 2371 1346 2431 hir».
1700 2407 1707 2414 ·

490 2525 494 2529 ¹
534 2451 807 2521 XLVIII.
856 2450 1215 2533 Dryopteris
1262 2449 1399 2511 filici
1449 2450 1647 2512 similis
1678 2498 1700 2529 ,
1752 2456 1815 2517 in

452 2533 751 2609 arboribus
780 2531 1060 2605 nascitur,
1081 2535 1241 2594 tenui
1277 2532 1548 2596 foliorum
1592 2531 1821 2596 subdul-

454 2618 613 2687 cium
648 2612 888 2677 incisura
905 2662 927 2693 ,
952 2615 1144 2677 radice
1183 2611 1408 2676 hirsuta.
1435 2610 1545 2673 Vis
1583 2616 1637 2675 ei
1670 2636 1819 2675 cau-

385 2699 396 2709 “
455 2692 593 2753 stica
629 2695 911 2780 estalldeo
956 2696 1299 2780 psilothrum
1340 2692 1421 2756 est
1460 2694 1618 2754 radix
1648 2691 1811 2757 tusa:

447 2767 691 2836 illinitur·
734 2778 889 2838 enim
909 2817 933 2851 ,
970 2775 1152 2860 ‘usque
1201 2775 1344 2838 dum
1387 2772 1623 2839 sudores
1663 2794 1818 2840 evo·
