2000 3600
476 317 623 396 344
726 295 798 367 C.
851 296 1239 365 ΡιιΝιι
1289 292 1675 368 Narra-R.

476 417 613 479 lant.
646 411 1033 476 Ter-restrium
1067 432 1264 474 carnes
1295 410 1671 475 suffitionibus
1691 423 1814 497 proi·

474 498 650 580 priae,
690 493 1037 577 magicisque
1095 493 1308 555 artibus
1368 493 1715 568 refutandis,
1755 497 1809 557 δι

477 595 676 638 contra
713 595 941 637 venena
976 573 1247 634 salutares
1277 576 1621 655 produntur.
1656 575 1811 636 Pluri-

474 677 588 719 mae
619 659 680 715 in
717 655 937 716 Africa.
973 655 1187 716 Hae-ibi
1209 673 1515 736 amputato
1539 661 1706 737 capite
1720 676 1808 737 pe.-
1836 692 1841 699 ,

476 736 794 818 «libusque,
827 757 938 817 pro
980 736 1243 796 antidoto
1277 736 1399 795 dari
1447 738 1724 797 dicuntur:
1754 736 1808 796 &

476 838 554 879 ex
591 814 719 897 jure
759 820 817 878 in
860 817 993 877 cibo
1027 815 1302 896 sumptae,
1335 815 1576 876 strumas
1597 816 1805 877 discute.-

477 918 593 971 τε,
628 900 809 958 lienes
846 898 1090 958 tollere:
1129 900 1271 957 item
1310 897 1627 958 comitiales
1671 916 1806 956 mor·

477 979 612 1041 bos.
648 977 884 1061 Sanguis
924 999 1120 1039 earum
1156 978 1475 1038 claritatem
1495 976 1642 1038 risus
1659 977 1804 1047 facit,

481 1057 937 1141 suffusionesque
976 1060 1283 1120 oculorum
1330 1058 1513 1119 tollit„
1546 1059 1615 1119 Et
1634 1075 1806 1119 contra

481 1139 834 1220 serpentium
864 1142 1128 1201 omniurn
1151 1141 1215 1202 &
1234 1161 1574 1200 araneorum
1595 1161 1653 1199 ac
1673 1140 1806 1198 simi-.-

480 1221 629 1282 lium
661 1240 891 1280 venena
932 1219 1228 1280 auxiliatur
1252 1265 1272 1294 ,
1318 1219 1549 1281 servato
1578 1219 1807 1302 sanguiue

484 1302 546 1362 in
588 1298 767 1361 farina
805 1300 993 1381 pilulis
1028 1300 1220 1373 faciit»,
1261 1301 1326 1362 &
1359 1305 1501 1362 cum
1527 1323 1663 1383 opus
1681 1302 1741 1360 sit
1754 1299 1811 1357 iu*

480 1382 622 1443 vino
664 1381 828 1441 datis.
881 1380 1040 1442 Felle
1077 1380 1429 1459 testudinum
1474 1403 1602 1442 cum
1634 1381 1807 1459 Attico

481 1459 659 1522 mel-le
684 1461 1048 1544 glaucomata
1083 1457 1298 1543 inungi*
1362 1462 1583 1524 rodest:
1605 1463 1664 1524 &
1684 1460 1812 1521 scor-

484 1544 728 1623 pionum
766 1541 948 1627 plagae
994 1541 1279 1604 instillari.
1354 1538 1658 1627 egumenti
1688 1539 1814 1602 cinis

481 1623 630 1691 vino
674 1624 739 1684 &
768 1625 907 1684 oleo
945 1621 1202 1683 sabacius
1238 1624 1459 1706 pedum
1498 1626 1658 1685 rimas
1677 1623 1814 1684 ulce-

484 1722 514 1762 r
589 1722 663 1764 ue
698 1701 872 1764 sanat.
903 1701 1172 1784 Squamae
1204 1724 1238 1764 e
1278 1704 1501 1765 summa
1537 1721 1687 1786 parte
1722 1701 1815 1762 de·

488 1804 517 1844 r
575 1806 663 1859 ae,
695 1783 759 1847 &
796 1785 856 1845 iu
895 1803 1043 1866 potu
1095 1784 1241 1846 datae
1268 1831 1292 1859 ,
1331 1784 1625 1848 Venerem
1672 1783 1818 1846 cohi-

486 1864 647 1925 bent.
688 1864 778 1928 Εὸ
818 1869 1000 1948 magis
1036 1867 1149 1928 hoc
1189 1868 1400 1929 mirum
1420 1910 1439 1940 ,
1470 1868 1726 1949 quoniam
1740 1882 1818 1925 to-

488 1945 600 2005 tius
642 1949 982 2029 tegumenti.
1022 1946 1201 2014 farina
1248 1948 1568 2009 accendere
1609 1946 1827 2008 traditur

482 2023 807 2087 libidinem.
848 2028 1092 2094 Urinam
1132 2049 1330 2090 earum
1373 2028 1537 2091 aliter
1575 2027 1733 2111 quam
1767 2026 1828 2086 iu·

483 2107 694 2167 vesicis
732 2104 1131 2184 amedaram,
1153 2110 1402 2171 inveniri
1447 2107 1605 2191 posse
1627 2129 1733 2170 non
1753 2125 1823 2167 at·

480 2181 668 2245 bitror
688 2208 709 2248 t
741 2188 805 2247 δι
846 2190 995 2248 inter
1035 2210 1105 2249 ea
1140 2189 1255 2251 hoc
1281 2211 1516 2273 quoque
1545 2188 1686 2263 effe,
1706 2206 1819 2269 quae

478 2264 812 2347 portentosa
827 2269 979 2362 magi
998 2267 1400 2332 demonstrent
1412 2314 1433 2343 ,
1467 2272 1730 2334 adversus
1747 2266 1821 2328 as·

486 2345 690 2429 pidum
719 2344 862 2408 ictus
904 2348 1224 2490 ειηιξιιΙειι-ε,
1251 2349 1574 2413 efficaciore
1614 2368 1830 2421 tamen,

486 2443 552 2486 ut
581 2429 775 2501 aiunt,
806 2431 989 2490 cimic'
1038 2452 1105 2492 us
1142 2432 1431 2494 admixtis.
1475 2432 1613 2496 Ova
1645 2431 1822 2492 durata

481 2507 782 2570 illinuntur
820 2512 1044 2571 strumis
1062 2554 1082 2583 ,
1109 2512 1173 2575 &
1200 2512 1485 2574 ulceribus
1521 2513 1722 2595 frigore
1741 2524 1821 2569 aut

479 2587 778 2652 adustione
799 2589 981 2653 faffis.
998 2590 1320 2654 Sorbentur
1343 2596 1406 2654 in
1430 2591 1703 2656 stomachi
1724 2590 1820 2652 do.-

478 2670 723 2732 loribus».

565 2749 923 2813 Marinarum
944 2772 1145 2814 carnes
1164 2752 1437 2815 admixtae
1450 2773 1706 2816 ranarum
1723 2770 1824 2813 car-

479 2830 648 2894 uibus
671 2849 874 2894 contra
888 2832 1262 2896 salamandras
1281 2834 1555 2918 praeclare
1580 2833 1827 2897 anniam«.
