2000 3600
369 268 506 368 368
611 269 687 342 C.
746 267 1103 339 ΡιιΝιι
1152 266 1541 343 ΝΑτυζκὲ

366 412 498 455 rum
537 390 805 473 privatim
840 385 1173 449 salsamenta
1212 383 1373 448 coaa
1403 406 1535 447 cum
1551 385 1789 459 melle

368 471 737 553 restinguunt.
775 469 862 530 At
880 467 1121 543 testem,
1143 469 1191 528 si
1221 464 1617 544 descenderit,
1645 491 1785 533 co-

369 551 661 615 chlearum
698 549 900 632 spuma
931 550 1074 610 illini
1112 548 1348 611 volunt.

443 630 701 695 XXXV.
754 632 959 692 Urinae
995 630 1477 692 incontinentiam
1526 630 1775 714 hippo-

366 714 558 795 campi
575 708 715 772 tosti
740 713 807 775 &
827 713 888 771 in
910 711 1044 773 cibo
1074 710 1282 850 sae¹pius
1313 709 1523 794 sumpti
1544 733 1771 775 emen·-

364 795 527 856 dant.
562 792 716 855 Item
754 792 1040 875 ophidion
1075 795 1139 876 'pi
1165 791 1381 853 ciculus
1411 813 1638 876 congro
1662 792 1766 854 si·-

366 875 526 938 milis
558 894 690 935 cum
730 874 832 935 lilii
862 874 1079 935 radice.
1126 871 1384 935 Pisciculi
1405 875 1652 950 minuti,
1669 896 1765 936 ex

359 954 585 1018 'ventre
624 953 749 1036 ejus
781 955 881 1038 qui
921 954 1295 1017 devoraverit
1327 957 1642 1037 exempti,
1679 957 1760 1021 &

371 1038 645 1107 cremati,
664 1038 743 1098 ita
760 1052 825 1097 ut
845 1036 987 1096 cinis
1009 1056 1214 1097 eorum
1229 1033 1463 1097 bibatur
1483 1057 1558 1097 ex
1573 1038 1756 1120 aqua.

372 1118 407 1182 J
412 1118 593 1179 ubent
624 1118 692 1180 δι
728 1117 995 1181 cochleas
1016 1115 1316 1178 Africanas
1339 1138 1474 1178 cum
1499 1117 1601 1180 sua
1622 1140 1759 1179 car-

374 1218 455 1262 ne
498 1199 803 1275 comburi,
849 1200 1221 1283 cineremque
1265 1219 1339 1260 ex
1370 1201 1520 1263 vino
1562 1197 1761 1284 Signi-

379 1301 463 1343 no
504 1280 649 1340 dari.

460 1359 749 1424 XXXVI.
782 1358 1061 1446 Podagris
1093 1359 1540 1443 articulariisque
1582 1383 1757 1424 mor·

381 1441 471 1504 bis
503 1443 645 1503 utile
682 1440 767 1502 est
803 1442 1045 1518 oleum,
1085 1444 1146 1503 in
1178 1464 1300 1526 quo
1358 1441 1597 1505 decoRa
1637 1446 1760 1504 sint

378 1543 652 1584 ranarum
701 1521 965 1585 intestina
986 1546 1008 1585 ι
1045 1525 1112 1587 &
1157 1524 1380 1586 rubetae
1421 1526 1560 1584 cinis
1612 1546 1763 1587 cum

381 1603 557 1684 adipe
593 1620 819 1666 vetere.
862 1603 1129 1685 Quidam
1157 1606 1224 1669 &
1250 1605 1454 1667 hordei
1491 1608 1765 1668 cinerem

379 1682 687 1765 adjiciunt,
705 1687 880 1745 trium
919 1706 1113 1746 rerum
1132 1707 1306 1769 aequo
1342 1686 1622 1767 pondere.
1648 1686 1763 1749 Ju-

382 1764 531 1829 bent
572 1767 640 1830 δι,
673 1765 876 1849 lepore
905 1768 1133 1829 marino
1169 1768 1394 1830 recenti
1429 1767 1765 1852 podagram

380 1846 595 1910 fricari.
639 1848 883 1910 Fibrinis
956 1870 1154 1932 uoque
1198 1849 1447 1933 pellibus
1478 1850 1759 1926 calceari,

385 1928 644 1991 maxime
680 1928 904 1992 Pontici
978 1931 1088 1993 bri.
1134 1930 1286 1993 Item
1317 1931 1493 1994 vituli
1514 1934 1757 1997 marini:

384 2006 551 2089 cujus
570 2011 637 2072 &
660 2010 841 2093 adeps
858 2010 1113 2093 prodest.
1132 2011 1265 2074 Nec
1284 2032 1405 2073 non
1429 2012 1494 2074 &
1516 2013 1717 2095 bryon
1732 2058 1758 2086 ,

384 2088 463 2149 de
499 2111 619 2171 quo
654 2091 901 2153 diximus
920 2137 940 2167 ,
970 2092 1202 2155 lactucae
1238 2092 1461 2167 simile,
1492 2096 1761 2174 rugosio-

384 2168 543 2231 ribus
576 2169 763 2245 foliis‚
792 2175 916 2233 sine
953 2176 1137 2239 caule,
1171 2173 1393 2236 Natura
1412 2173 1495 2237 est
1514 2173 1761 2258 eistyp·

380 2249 512 2311 tica.
561 2248 1028 2334 Impositumque
1083 2256 1227 2318 lenit
1277 2259 1524 2339 impetus
1563 2256 1763 2338 poda-

383 2350 521 2414 grae.
549 2328 704 2394 Item
744 2331 903 2415 alga,
941 2335 1019 2396 de
1056 2337 1175 2418 qua
1205 2336 1332 2418 ipsa
1375 2336 1586 2398 dicium
1626 2335 1759 2411 est,

383 2412 840 2495 observaturque
876 2417 938 2475 in
976 2415 1047 2477 ea
1071 2461 1103 2487 ,γ
1135 2438 1212 2478 ne
1273 2418 1433 2479 arida
1486 2420 1765 2501 impona-

385 2510 498 2556 tur.
533 2493 846 2557 Pemiones
893 2497 1167 2562 emendat
1202 2499 1404 2579 pulmo
1460 2501 1717 2561 marinus
1735 2545 1764 2578 ,

390 2577 701 2657 cancrique
749 2576 954 2640 marini
990 2580 1137 2638 cinis
1178 2599 1251 2640 ex
1291 2579 1468 2655 oleo,
1494 2582 1639 2643 item
1659 2581 1767 2643 flu·

383 2656 614 2717 viatiles
667 2657 823 2733 triti,
859 2659 1060 2742 sicque
1110 2661 1302 2721 cinere
1337 2662 1405 2722 &
1446 2661 1588 2723 oleo
1627 2661 1767 2723 sub‘-

385 2735 498 2802 affl
527 2758 542 2797 t
579 2738 646 2799 &
669 2739 832 2799 siluri
854 2740 1052 2823 adeps.
1084 2737 1158 2800 Et
1193 2742 1255 2801 in
1290 2742 1578 2814 articulis»,
1598 2764 1772 2805 mor-

377 2814 592 2880 borum
632 2818 889 2903 impetus
928 2820 1133 2884 sedant
1166 2840 1319 2884 ranae
1364 2820 1609 2887 subinde
1662 2845 1773 2889 re-
