2000 3600
448 222 539 323 58
693 223 763 295 C.
811 221 1192 291 PL1N11
1257 218 1399 288 NA
1429 228 1668 289 run:

444 338 919 424 deprehendendi
949 337 1148 434 gratia.
1199 336 1362 400 Folia
1386 336 1564 399 habet
1603 337 1823 421 cycla-

445 426 587 491 mini
621 439 715 484 aut
757 440 1116 489 cucumeris,
1161 418 1489 560 nonfplura
1521 437 1822 502 quatuor,

448 504 522 567 ab
549 504 737 564 radice
773 502 980 563 leniter
1012 496 1238 562 hirsuta.
1347 499 1571 560 adicem
1612 501 1823 562 modi-

446 605 579 646 cam
608 604 901 645 cammaro
929 581 1183 643 similem
1202 582 1444 641 marino·
1471 574 1677 661 Quare
1737 584 1824 644 ui·-

446 664 585 730 dam
604 684 937 727 cammaron
954 661 1354 744 appellavere,
1384 662 1480 721 alii
1498 661 1705 745 thelyp
1752 686 1820 725 ο-

448 766 611 823 non,
650 766 722 806 ex
765 745 879 828 qua
909 744 1157 805 diximus
1194 741 1381 804 causa.
1414 740 1602 804 Radix
1624 744 1819 804 incur-

449 843 621 889 vatur
661 826 894 908 paulum
920 823 1287 905 scorpionum
1305 823 1489 884 modo
1507 867 1526 897 ‚
1551 843 1731 905 quare
1748 826 1816 888 δι

450 905 726 990 scorpion
771 907 845 967 ali
890 907 949 965 ui
1001 902 1390 986 appellavere.
1440 902 1571 965 Nec
1614 903 1816 967 defue-

448 1009 548 1063 re,
574 991 675 1072 qui
693 1007 841 1069 myo
896 1006 1058 1047 onon
1077 983 1364 1067 appellare
1382 984 1650 1059 mallent,
1667 1006 1814 1067 quo·

451 1071 608 1132 niam
644 1067 855 1153 procul
886 1068 950 1128 &
996 1087 1031 1128 e
1068 1067 1386 1155 longinquo
1406 1064 1590 1126 odore
1617 1086 1814 1128 mures

449 1167 637 1213 necat.
702 1146 970 1209 Nascitur·
1008 1149 1067 1206 in
1112 1145 1281 1206 nudis
1322 1145 1577 1207 cautibus
1603 1190 1623 1221 ‚
1670 1162 1814 1230 quas

448 1250 658 1295 aconas
700 1230 1022 1289 nominant.
1064 1225 1136 1287 Et
1190 1225 1328 1286 ideo
1373 1228 1668 1287 aconitum
1698 1228 1813 1290 >ali·

450 1300 457 1306 ’
494 1311 552 1370 ui
591 1309 824 1381 dixere,
851 1307 1010 1368 nullo
1044 1303 1235 1387 juxta,
1278 1326 1353 1367 ne
1390 1307 1632 1387 pulvere
1687 1311 1816 1389 qui·

444 1447 467 1456 ,,
497 1409 591 1450 em
626 1390 934 1449 nutriente.
968 1385 1138 1448 Hanc
1179 1388 1352 1468 aliqui
1387 1389 1671 1450 rationem
1693 1410 1817 1451 no-

365 1528 369 1532 ,
452 1472 619 1530 minis
657 1470 923 1543 attulere.
961 1467 1086 1529 Alii
1116 1470 1393 1550 quoniam
1414 1469 1506 1527 vis
1524 1469 1729 1530 eadem
1752 1472 1817 1533 in

448 1567 644 1615 morte
689 1547 868 1625 esset,
907 1571 1035 1630 quae
1074 1550 1303 1611 cotibus
1336 1548 1410 1609 ad
1446 1547 1582 1610 ferti
1625 1552 1818 1614 aciem

452 1631 865 1706 deterendam,
900 1630 1202 1712 statimque
1239 1628 1475 1691 admota
1526 1630 1846 1705 velocitas*

442 1708 778 1775 sentiretur.
1332 1730 1338 1734 '

440 1849 453 1860 .
536 1788 644 1856 ΙΙΙ.
684 1814 747 1871 4.
790 1791 1088 1874 AEthiopis
1116 1789 1256 1853 folia
1287 1789 1461 1854 habet
1477 1790 1727 1932 phlomo
1748 1796 1818 1856 si·

442 1874 647 1951 milia,
677 1896 770 1935 ma
810 1896 882 1935 na
924 1875 989 1936 δι
1028 1874 1243 1947 multa,
1282 1872 1347 1935 &
1387 1872 1474 1933 hir
1501 1891 1597 1934 uta
1627 1875 1700 1935 ab
1724 1896 1832 1938 rar

452 1956 603 2018 dice.
647 1895 893 2022 Caufem
933 1951 1725 2036 quadrangulum,scabrum‚
1747 1958 1819 2017 si-

452 2034 652 2098 milem
680 2033 855 2094 aretio
885 2078 904 2102 ‚
949 2032 1146 2094 multis
1192 2045 1515 2098 concavum
1550 2037 1684 2098 alis:
1717 2034 1818 2099 se-

448 2133 588 2176 men
603 2133 749 2174 ervo
767 2112 952 2173 simile
964 2156 984 2185 ,
1006 2113 1315 2176 candidum
1327 2159 1351 2188 ‚
1375 2119 1704 2198 geminum:
1727 2139 1817 2184 ra-

433 2194 612 2257 dices
657 2192 1018 2273 numerosas,
1044 2193 1281 2277 longas,
1309 2198 1542 2279 plenas,
1567 2198 1814 2274 ωοΠεε,

434 2267 757 2358 ‚glutinosas
793 2272 979 2359 gustu.
1011 2273 1189 2337 Siccae
1216 2275 1579 2361 nigrescunt,
1602 2278 1816 2340 duran-

448 2373 696 2437 turque,
732 2373 795 2418 ut
831 2377 1049 2419 cornua
1077 2358 1268 2419 videri
1303 2361 1553 2440 possint.
1599 2359 1815 2422 Praeter

339 2457 343 2462 ·
431 2437 805 2519 AEthiopiam
870 2436 1169 2499 nascuntur
1220 2439 1286 2501 &.
1327 2442 1390 2499 in
1443 2438 1549 2501 Ida
1603 2457 1812 2503 monte

447 2518 697 2581 Troadis
717 2563 737 2594 ‚
767 2520 830 2580 &
869 2522 928 2578 in
969 2516 1267 2580 Mess'enia.
1312 2517 1681 2604 Colliguntur
1705 2543 1815 2583 au-

444 2617 652 2664 tumno
672 2646 692 2675 ,
727 2601 1012 2661 siccantur
1044 2601 1101 2659 in
1129 2596 1269 2662 Sole
1306 2601 1528 2683 aliquot
1564 2601 1810 2677 diebus,

444 2700 521 2740 ne
565 2683 738 2743 situm
781 2680 1039 2743 sentiant.
1082 2678 1399 2742 Medentur
1425 2682 1621 2742 vulvis
1649 2701 1811 2765 pote

440 2759 505 2821 in
534 2764 678 2826 vino
710 2761 880 2839 albo,
911 2753 1266 2839 ischiadicis,
1293 2762 1644 2846 pleuriticis,
1677 2763 1806 2836 fau·-
