2000 3600
455 289 596 360 114
688 267 762 339 C.
800 266 1161 338 ΡιιΝιι
1202 264 1587 337 Nar-vn.

444 403 712 452 terventu
727 430 753 460 ,
788 401 890 446 aut
939 387 989 448 si
1044 385 1334 447 dormiens
1382 383 1668 467 spectetur
1732 385 1840 448 inc·

445 468 569 531 fans
588 510 611 541 ‚
640 488 673 527 a
703 468 927 527 nutrice
970 484 1134 527 terna
1177 466 1415 547 adspui:
1454 487 1835 549 quamquam

445 549 575 611 illos
602 546 884 631 religione
902 564 1117 609 tutatur
1143 547 1210 609 δι
1229 545 1493 608 Fascinus
1509 590 1529 619 ‚
1551 549 1842 630 impera-

442 644 640 690 torum
673 647 943 709 quoque,
980 648 1104 689 non
1142 625 1328 689 solum
1362 625 1668 689 infantium
1702 649 1841 688 cu-

444 706 566 771 stos
582 710 742 791 „qui
785 709 932 770 deus
965 711 1120 770 inter
1153 706 1312 774 sacra
1346 707 1615 772 Romana
1638 730 1673 768 a
1692 707 1836 770 Ve-

444 786 681 852 stalibus
712 790 954 864 colitur,
976 791 1044 853 &
1074 810 1271 851 currus
1291 790 1466 851 trium
1507 790 1784 852 hantium
1801 831 1829 862 ‚

446 867 553 932 sub
594 870 683 932 his
725 870 1017 952 pendens,
1042 868 1322 931 'defendit
1352 889 1451 930 me
1494 873 1613 930 icus
1652 871 1836 931 invi·

448 950 594 1013 diae':
611 949 888 1035 jubetque
911 950 1149 1014 eosdem
1169 948 1456 1032 respicere
1471 949 1675 1011 similis
1696 969 1844 1012 me·

450 1030 642 1093 «licina
680 1031 922 1115 linguae',
950 1049 1016 1093 ut
1053 1034 1127 1093 sit
1165 1048 1397 1093 exorata
1419 1051 1453 1092 a
1476 1045 1645 1113 tergo
1664 1028 1841 1093 For·

452 1129 594 1178 tuna
665 1114 824 1190 loriae
859 1110 1134 1174 carnifex.

534 1134 704 1255 Vlfl.
743 1190 977 1253 Morsus
1015 1193 1266 1254 hominis
1299 1193 1450 1253 inter
1472 1188 1834 1273 asperrimos

454 1292 692 1356 quoque
735 1288 1089 1334 numeratur.
1133 1272 1449 1334 Medentur
1485 1270 1685 1334 sordes
1748 1291 1830 1333 ex

455 1352 721 1416 auribusz
755 1374 822 1413 ac
849 1374 924 1418 ne
1003 1355 1091 1414 uis
1128 1355 1411 1429 miretur,
1450 1355 1625 1413 etiam
1664 1351 1839 1414 scor·

457 1434 702 1517 pionum
732 1432 931 1494 iffibus
998 1436 1439 1516 erpentiumque
1456 1475 1478 1506 ,
1501 1432 1690 1495 statim
1710 1435 1835 1494 im-

458 1515 687 1610 positae.
719 1513 935 1577 Melius
962 1535 997 1577 e
1061 1516 1270 1575 ercussi
1290 1515 1522 1575 auribus
1544 1512 1791 1595 prosunt
1814 1531 1835 1574 2

461 1608 546 1655 ata
583 1596 647 1656 &
687 1596 937 1657 redivias
1032 1597 1203 1656 anari.
1246 1593 1613 1675 Serpentium
1670 1595 1835 1658 verb

463 1673 641 1740 ianm
662 1722 680 1748 ,
709 1679 938 1737 contusi
974 1675 1162 1737 dentis
1197 1677 1430 1737 humani
1462 1673 1663 1736 farina.

543 1754 654 1819 IX.
679 1751 937 1840 Capillus
959 1776 1273 1838 puerorum
1288 1802 1308 1831 ‚
1334 1757 1435 1840 qui
1455 1757 1706 1837 primum
1732 1753 1838 1818 de·

463 1835 610 1902 cisus
656 1837 775 1915 est,
813 1838 1084 1922 podagrae
1123 1840 1374 1920 impetus
1408 1838 1617 1898 dicitur
1665 1838 1837 1899 leva-

467 1938 534 1980 re
572 1920 827 1981 circumli
869 1938 992 1981 atus
1020 1941 1038 1982 τ
1079 1920 1145 1981 8(
1174 1920 1235 1978 in
1269 1934 1461 1979 totum
1501 1918 1837 1998 impubiut'n

465 2000 793 2081 impositus.
829 1940 1115 2061 {litorum
1150 2020 1385 2082 quoque
1424 2000 1661 2083 capillus
1678 2044 1700 2074 ‚
1725 2020 1837 2060 ca-

465 2079 558 2139 nis
597 2078 888 2140 morsibus
924 2079 1195 2141 medetur
1242 2100 1316 2140 ex
1353 2097 1561 2142 aceto:
1587 2081 1653 2142 &.
1677 2081 1837 2163 capi·

467 2173 597 2219 tum
637 2158 969 2219 vulneribus
1013 2179 1090 2219 ex
1138 2158 1279 2220 oleo
1319 2178 1417 2221 aut
1442 2163 1604 2222 vino.
1627 2158 1690 2221 Si
1712 2180 1836 2221 cre·

468 2236 662 2298 dimus
679 2280 699 2311 ,
733 2259 768 2298 a
806 2237 1035 2300 revulso
1077 2240 1265 2314 cruci,
1300 2243 1608 2321 quartanis.
1640 2238 1835 2304 Com·

470 2317 670 2380 bustus
699 2319 863 2402 aeque
902 2320 1139 2403 capillus
1155 2364 1177 2395 ,
1223 2323 1613 2384 carcinomati.
1663 2321 1833 2384 Pueri

474 2401 577 2482 qui
618 2400 837 2480 primus
875 2403 1151 2464 ceciderit
1192 2403 1372 2474 dens,
1396 2418 1461 2462 ut
1480 2418 1699 2463 terram
1715 2422 1834 2464 non

471 2482 745 2564 attingat,
773 2482 1020 2544 inclusus
1052 2485 1115 2543 in
1155 2481 1431 2542 armillam
1450 2525 1472 2555 ‚
1510 2481 1577 2544 &
1596 2481 1834 2545 adsidue

474 2562 539 2625 in
576 2561 811 2625 brachio
848 2563 1077 2626 habitus
1095 2608 1115 2638 ‚
1147 2547 1516 2623 muliebrium
1566 2562 1835 2625 locorum

475 2642 715 2706 dolores
744 2644 1037 2740 prohibet.
1076 2643 1278 2711 Pollex
1313 2646 1375 2706 in
1394 2643 1546 2727 pede
1576 2643 1834 2783 praeli?-

476 2736 572 2780 tus
597 2744 869 2804 proxuno
895 2726 954 2787 di
993 2728 1111 2798 ito,
1133 2741 1391 2795 tumores
1422 2726 1718 2821 inguinum
1770 2743 1835 2784 e·

479 2797 601 2863 dat.
634 2802 703 2865 In
738 2824 913 2867 manu
987 2805 1146 2869 extra
1176 2805 1297 2871 duo
1339 2806 1520 2871 medii
1547 2805 1668 2870 lmo
1690 2803 1852 2907 levis·
