<?xml version="1.0" encoding="UTF-8"?>
<!DOCTYPE html PUBLIC "-//W3C//DTD XHTML 1.0 Transitional//EN"
    "http://www.w3.org/TR/xhtml1/DTD/xhtml1-transitional.dtd">
<html xmlns="http://www.w3.org/1999/xhtml" xml:lang="en" lang="en">
 <head>
  <title>
</title>
<meta http-equiv="Content-Type" content="text/html;charset=utf-8" />
  <meta name='ocr-system' content='tesseract 3.04.00' />
  <meta name='ocr-capabilities' content='ocr_page ocr_carea ocr_par ocr_line ocrx_word'/>
</head>
<body>
  <div class='ocr_page' id='page_1' title='image "./caiipliniisecun04unkngoog_0091.png"; bbox 0 0 2000 3600; ppageno 0'>
   <div class='ocr_carea' id='block_1_1' title="bbox 405 187 1570 314">
    <p class='ocr_par' dir='ltr' id='par_1_1' title="bbox 405 187 1570 314">
     <span class='ocr_line' id='line_1_1' title="bbox 405 187 1570 314; baseline 0.003 -23"><span class='ocrx_word' id='word_1_1' title='bbox 405 221 549 292; x_wconf 83' lang='grc' dir='ltr'><strong>Ηι</strong></span> <span class='ocrx_word' id='word_1_2' title='bbox 574 241 616 292; x_wconf 79' lang='lat' dir='ltr'><em>s</em></span> <span class='ocrx_word' id='word_1_3' title='bbox 643 239 690 292; x_wconf 77' lang='lat' dir='ltr'><strong>r</strong></span> <span class='ocrx_word' id='word_1_4' title='bbox 715 187 1388 294; x_wconf 66' lang='lat' dir='ltr'><strong>o‘n.Lib.XXV11.</strong></span> <span class='ocrx_word' id='word_1_5' title='bbox 1488 222 1570 314; x_wconf 67' lang='grc' dir='ltr'><strong>ει</strong></span> 
     </span>
    </p>
   </div>
   <div class='ocr_carea' id='block_1_2' title="bbox 200 337 1619 2648">
    <p class='ocr_par' dir='ltr' id='par_1_2' title="bbox 200 337 1619 2648">
     <span class='ocr_line' id='line_1_2' title="bbox 200 337 1582 422; baseline -0.001 -18"><span class='ocrx_word' id='word_1_6' title='bbox 200 340 458 405; x_wconf 69' lang='lat' dir='ltr'><strong>haerent.</strong></span> <span class='ocrx_word' id='word_1_7' title='bbox 512 337 647 400; x_wconf 86' lang='lat' dir='ltr'><strong>Mas</strong></span> <span class='ocrx_word' id='word_1_8' title='bbox 692 339 888 421; x_wconf 80' lang='lat' dir='ltr'><strong>plures</strong></span> <span class='ocrx_word' id='word_1_9' title='bbox 925 338 1127 416; x_wconf 85' lang='lat' dir='ltr'><strong>habet,</strong></span> <span class='ocrx_word' id='word_1_10' title='bbox 1155 342 1433 422; x_wconf 86' lang='lat' dir='ltr'><strong>quoniam</strong></span> <span class='ocrx_word' id='word_1_11' title='bbox 1462 360 1582 402; x_wconf 77' lang='lat' dir='ltr'><strong>non</strong></span> 
     </span>
     <span class='ocr_line' id='line_1_3' title="bbox 200 419 1582 502; baseline 0.001 -20"><span class='ocrx_word' id='word_1_12' title='bbox 200 424 324 482; x_wconf 65' lang='lat' dir='ltr'><strong>una</strong></span> <span class='ocrx_word' id='word_1_13' title='bbox 346 421 545 489; x_wconf 82' lang='lat' dir='ltr'>radice</span> <span class='ocrx_word' id='word_1_14' title='bbox 569 423 736 481; x_wconf 85' lang='lat' dir='ltr'><strong>nixus</strong></span> <span class='ocrx_word' id='word_1_15' title='bbox 756 419 867 492; x_wconf 90' lang='lat' dir='ltr'><strong>est,</strong></span> <span class='ocrx_word' id='word_1_16' title='bbox 889 421 1066 502; x_wconf 87' lang='lat' dir='ltr'><strong>palmi</strong></span> <span class='ocrx_word' id='word_1_17' title='bbox 1083 421 1383 482; x_wconf 81' lang='lat' dir='ltr'><strong>altitudine</strong></span> <span class='ocrx_word' id='word_1_18' title='bbox 1398 467 1419 497; x_wconf 90' lang='lat'>‚</span> <span class='ocrx_word' id='word_1_19' title='bbox 1444 442 1582 483; x_wconf 87' lang='lat' dir='ltr'><strong>can·</strong></span> 
     </span>
     <span class='ocr_line' id='line_1_4' title="bbox 205 499 1581 584; baseline 0 -22"><span class='ocrx_word' id='word_1_20' title='bbox 205 502 349 565; x_wconf 69' lang='lat' dir='ltr'><strong>dida</strong></span> <span class='ocrx_word' id='word_1_21' title='bbox 433 521 469 561; x_wconf 92' lang='lat' dir='ltr'><strong>e</strong></span> <span class='ocrx_word' id='word_1_22' title='bbox 499 523 513 562; x_wconf 89' lang='lat'>:</span> <span class='ocrx_word' id='word_1_23' title='bbox 547 499 714 583; x_wconf 84' lang='lat' dir='ltr'><strong>gustu</strong></span> <span class='ocrx_word' id='word_1_24' title='bbox 765 499 1076 584; x_wconf 80' lang='lat' dir='ltr'><strong>adstringit.</strong></span> <span class='ocrx_word' id='word_1_25' title='bbox 1134 501 1387 563; x_wconf 80' lang='lat' dir='ltr'><strong>Feminae</strong></span> <span class='ocrx_word' id='word_1_26' title='bbox 1438 500 1581 563; x_wconf 81' lang='lat' dir='ltr'><strong>folia</strong></span> 
     </span>
     <span class='ocr_line' id='line_1_5' title="bbox 205 579 1578 662; baseline -0.001 -19"><span class='ocrx_word' id='word_1_27' title='bbox 205 602 381 662; x_wconf 84' lang='lat' dir='ltr'><strong>myrr</strong></span> <span class='ocrx_word' id='word_1_28' title='bbox 462 601 522 640; x_wconf 88' lang='lat' dir='ltr'><strong>m</strong></span> <span class='ocrx_word' id='word_1_29' title='bbox 567 579 862 654; x_wconf 85' lang='lat' dir='ltr'><strong>redolent,</strong></span> <span class='ocrx_word' id='word_1_30' title='bbox 889 583 955 644; x_wconf 87' lang='lat'>&amp;</span> <span class='ocrx_word' id='word_1_31' title='bbox 982 583 1250 645; x_wconf 74' lang='lat' dir='ltr'>densiora</span> <span class='ocrx_word' id='word_1_32' title='bbox 1263 581 1406 642; x_wconf 86' lang='lat' dir='ltr'><strong>sunt.</strong></span> <span class='ocrx_word' id='word_1_33' title='bbox 1427 581 1578 642; x_wconf 85' lang='lat' dir='ltr'><strong>Nas-</strong></span> 
     </span>
     <span class='ocr_line' id='line_1_6' title="bbox 206 660 1577 723; baseline -0.001 -1"><span class='ocrx_word' id='word_1_34' title='bbox 206 679 426 722; x_wconf 88' lang='lat' dir='ltr'><strong>cuntur</strong></span> <span class='ocrx_word' id='word_1_35' title='bbox 461 664 520 720; x_wconf 92' lang='lat' dir='ltr'><strong>in</strong></span> <span class='ocrx_word' id='word_1_36' title='bbox 560 662 741 722; x_wconf 75' lang='lat' dir='ltr'><strong>silvis,</strong></span> <span class='ocrx_word' id='word_1_37' title='bbox 770 660 1038 723; x_wconf 84' lang='lat' dir='ltr'><strong>Tradunt</strong></span> <span class='ocrx_word' id='word_1_38' title='bbox 1082 661 1257 723; x_wconf 61' lang='lat' dir='ltr'><strong>noctu</strong></span> <span class='ocrx_word' id='word_1_39' title='bbox 1288 660 1577 723; x_wconf 86' lang='lat' dir='ltr'><strong>effodien-</strong></span> 
     </span>
     <span class='ocr_line' id='line_1_7' title="bbox 207 740 1577 822; baseline 0.001 -20"><span class='ocrx_word' id='word_1_40' title='bbox 207 742 317 802; x_wconf 83' lang='lat' dir='ltr'><strong>das</strong></span> <span class='ocrx_word' id='word_1_41' title='bbox 331 785 360 812; x_wconf 87' lang='lat'><em>,</em></span> <span class='ocrx_word' id='word_1_42' title='bbox 382 742 659 822; x_wconf 87' lang='lat' dir='ltr'><strong>quoniam</strong></span> <span class='ocrx_word' id='word_1_43' title='bbox 681 742 816 822; x_wconf 89' lang='lat' dir='ltr'><strong>pico</strong></span> <span class='ocrx_word' id='word_1_44' title='bbox 838 740 1053 802; x_wconf 84' lang='lat' dir='ltr'><strong>Martio</strong></span> <span class='ocrx_word' id='word_1_45' title='bbox 1068 744 1348 822; x_wconf 85' lang='lat' dir='ltr'><strong>impetum</strong></span> <span class='ocrx_word' id='word_1_46' title='bbox 1365 743 1424 800; x_wconf 90' lang='lat' dir='ltr'><strong>in</strong></span> <span class='ocrx_word' id='word_1_47' title='bbox 1444 763 1577 803; x_wconf 88' lang='lat' dir='ltr'><strong>ocu·</strong></span> 
     </span>
     <span class='ocr_line' id='line_1_8' title="bbox 207 820 1578 903; baseline 0 -21"><span class='ocrx_word' id='word_1_48' title='bbox 207 821 305 882; x_wconf 81' lang='lat' dir='ltr'><strong>los</strong></span> <span class='ocrx_word' id='word_1_49' title='bbox 338 821 588 882; x_wconf 85' lang='lat' dir='ltr'><strong>faciente</strong></span> <span class='ocrx_word' id='word_1_50' title='bbox 606 865 626 890; x_wconf 89' lang='lat'>,</span> <span class='ocrx_word' id='word_1_51' title='bbox 661 821 907 882; x_wconf 82' lang='lat' dir='ltr'><strong>interdiu</strong></span> <span class='ocrx_word' id='word_1_52' title='bbox 938 820 1323 903; x_wconf 87' lang='lat' dir='ltr'><strong>periculosum</strong></span> <span class='ocrx_word' id='word_1_53' title='bbox 1355 823 1447 884; x_wconf 75' lang='lat' dir='ltr'><strong>sit.</strong></span> <span class='ocrx_word' id='word_1_54' title='bbox 1466 821 1578 882; x_wconf 80' lang='lat' dir='ltr'><strong>Ra-</strong></span> 
     </span>
     <span class='ocr_line' id='line_1_9' title="bbox 208 899 1579 983; baseline 0.001 -22"><span class='ocrx_word' id='word_1_55' title='bbox 208 903 317 961; x_wconf 80' lang='lat' dir='ltr'><strong>dix</strong></span> <span class='ocrx_word' id='word_1_56' title='bbox 356 903 505 962; x_wconf 75' lang='lat' dir='ltr'><strong>vero</strong></span> <span class='ocrx_word' id='word_1_57' title='bbox 535 903 670 961; x_wconf 69' lang='lat' dir='ltr'><strong>cum</strong></span> <span class='ocrx_word' id='word_1_58' title='bbox 709 899 1050 975; x_wconf 83' lang='lat' dir='ltr'><strong>effodiatur,</strong></span> <span class='ocrx_word' id='word_1_59' title='bbox 1089 903 1407 983; x_wconf 86' lang='lat' dir='ltr'><strong>periculum</strong></span> <span class='ocrx_word' id='word_1_60' title='bbox 1462 901 1579 963; x_wconf 87' lang='lat' dir='ltr'><strong>effe</strong></span> 
     </span>
     <span class='ocr_line' id='line_1_10' title="bbox 211 980 1579 1063; baseline -0.001 -21"><span class='ocrx_word' id='word_1_61' title='bbox 211 1003 292 1042; x_wconf 92' lang='lat' dir='ltr'><strong>ne</strong></span> <span class='ocrx_word' id='word_1_62' title='bbox 330 980 496 1041; x_wconf 83' lang='lat' dir='ltr'><strong>sedes</strong></span> <span class='ocrx_word' id='word_1_63' title='bbox 530 980 815 1062; x_wconf 83' lang='lat' dir='ltr'><strong>procidat.</strong></span> <span class='ocrx_word' id='word_1_64' title='bbox 865 981 1087 1063; x_wconf 65' lang='lat' dir='ltr'><strong>Magna</strong></span> <span class='ocrx_word' id='word_1_65' title='bbox 1114 982 1177 1041; x_wconf 92' lang='lat' dir='ltr'><strong>id</strong></span> <span class='ocrx_word' id='word_1_66' title='bbox 1208 984 1462 1041; x_wconf 86' lang='lat' dir='ltr'><strong>vanitate</strong></span> <span class='ocrx_word' id='word_1_67' title='bbox 1504 983 1579 1042; x_wconf 89' lang='lat' dir='ltr'><strong>ad</strong></span> 
     </span>
     <span class='ocr_line' id='line_1_11' title="bbox 214 1058 1579 1123; baseline -0.001 -1"><span class='ocrx_word' id='word_1_68' title='bbox 214 1061 672 1122; x_wconf 85' lang='lat' dir='ltr'><strong>ostentationem</strong></span> <span class='ocrx_word' id='word_1_69' title='bbox 713 1062 798 1122; x_wconf 87' lang='lat' dir='ltr'><strong>rei</strong></span> <span class='ocrx_word' id='word_1_70' title='bbox 827 1058 1019 1122; x_wconf 64' lang='lat' dir='ltr'><strong>fictum</strong></span> <span class='ocrx_word' id='word_1_71' title='bbox 1046 1061 1309 1123; x_wconf 83' lang='lat' dir='ltr'><strong>arbitror.</strong></span> <span class='ocrx_word' id='word_1_72' title='bbox 1351 1060 1502 1121; x_wconf 83' lang='lat' dir='ltr'><strong>Usus</strong></span> <span class='ocrx_word' id='word_1_73' title='bbox 1519 1065 1579 1121; x_wconf 87' lang='lat' dir='ltr'><strong>in</strong></span> 
     </span>
     <span class='ocr_line' id='line_1_12' title="bbox 214 1139 1581 1224; baseline -0.001 -22"><span class='ocrx_word' id='word_1_74' title='bbox 214 1143 307 1203; x_wconf 85' lang='lat' dir='ltr'><strong>his</strong></span> <span class='ocrx_word' id='word_1_75' title='bbox 350 1140 631 1202; x_wconf 79' lang='lat' dir='ltr'><strong>diversus·</strong></span> <span class='ocrx_word' id='word_1_76' title='bbox 683 1139 881 1201; x_wconf 89' lang='lat' dir='ltr'><strong>Rubra</strong></span> <span class='ocrx_word' id='word_1_77' title='bbox 918 1144 1076 1202; x_wconf 86' lang='lat' dir='ltr'><strong>enim</strong></span> <span class='ocrx_word' id='word_1_78' title='bbox 1104 1161 1276 1224; x_wconf 87' lang='lat' dir='ltr'><strong>grana</strong></span> <span class='ocrx_word' id='word_1_79' title='bbox 1306 1142 1581 1202; x_wconf 75' lang='lat' dir='ltr'><strong>rubentes</strong></span> 
     </span>
     <span class='ocr_line' id='line_1_13' title="bbox 214 1220 1583 1304; baseline -0.002 -20"><span class='ocrx_word' id='word_1_80' title='bbox 214 1221 444 1284; x_wconf 86' lang='lat' dir='ltr'><strong>menses</strong></span> <span class='ocrx_word' id='word_1_81' title='bbox 486 1220 684 1281; x_wconf 84' lang='lat' dir='ltr'><strong>sistunt</strong></span> <span class='ocrx_word' id='word_1_82' title='bbox 704 1266 724 1294; x_wconf 84' lang='lat'>,</span> <span class='ocrx_word' id='word_1_83' title='bbox 749 1237 867 1283; x_wconf 82' lang='lat' dir='ltr'><strong>xv.</strong></span> <span class='ocrx_word' id='word_1_84' title='bbox 903 1220 1027 1282; x_wconf 78' lang='lat' dir='ltr'><strong>fere</strong></span> <span class='ocrx_word' id='word_1_85' title='bbox 1064 1240 1203 1304; x_wconf 86' lang='lat' dir='ltr'><strong>pota</strong></span> <span class='ocrx_word' id='word_1_86' title='bbox 1236 1223 1296 1282; x_wconf 87' lang='lat' dir='ltr'><strong>in</strong></span> <span class='ocrx_word' id='word_1_87' title='bbox 1320 1224 1464 1285; x_wconf 78' lang='lat' dir='ltr'><strong>vino</strong></span> <span class='ocrx_word' id='word_1_88' title='bbox 1495 1226 1583 1282; x_wconf 61' lang='lat' dir='ltr'><strong>nia</strong></span> 
     </span>
     <span class='ocr_line' id='line_1_14' title="bbox 214 1302 1581 1384; baseline 0.001 -23"><span class='ocrx_word' id='word_1_89' title='bbox 214 1323 348 1384; x_wconf 86' lang='lat' dir='ltr'><strong>gro.</strong></span> <span class='ocrx_word' id='word_1_90' title='bbox 397 1302 583 1384; x_wconf 85' lang='lat' dir='ltr'><strong>Nigra</strong></span> <span class='ocrx_word' id='word_1_91' title='bbox 628 1321 802 1383; x_wconf 83' lang='lat' dir='ltr'><strong>grana</strong></span> <span class='ocrx_word' id='word_1_92' title='bbox 848 1302 1042 1363; x_wconf 82' lang='lat' dir='ltr'><strong>vulvis</strong></span> <span class='ocrx_word' id='word_1_93' title='bbox 1099 1303 1406 1364; x_wconf 88' lang='lat' dir='ltr'><strong>medentur</strong></span> <span class='ocrx_word' id='word_1_94' title='bbox 1438 1347 1459 1376; x_wconf 92' lang='lat'>,</span> <span class='ocrx_word' id='word_1_95' title='bbox 1505 1322 1581 1363; x_wconf 80' lang='lat' dir='ltr'><strong>ex</strong></span> 
     </span>
     <span class='ocr_line' id='line_1_15' title="bbox 214 1381 1582 1464; baseline 0.001 -21"><span class='ocrx_word' id='word_1_96' title='bbox 214 1381 378 1464; x_wconf 74' lang='lat' dir='ltr'><strong>palso</strong></span> <span class='ocrx_word' id='word_1_97' title='bbox 408 1399 509 1443; x_wconf 89' lang='lat' dir='ltr'><strong>aut</strong></span> <span class='ocrx_word' id='word_1_98' title='bbox 541 1382 684 1442; x_wconf 86' lang='lat' dir='ltr'><strong>vino</strong></span> <span class='ocrx_word' id='word_1_99' title='bbox 706 1382 950 1461; x_wconf 85' lang='lat' dir='ltr'><strong>totidem</strong></span> <span class='ocrx_word' id='word_1_100' title='bbox 970 1399 1129 1464; x_wconf 86' lang='lat' dir='ltr'><strong>pota.</strong></span> <span class='ocrx_word' id='word_1_101' title='bbox 1150 1381 1335 1443; x_wconf 84' lang='lat' dir='ltr'><strong>Radix</strong></span> <span class='ocrx_word' id='word_1_102' title='bbox 1370 1402 1582 1444; x_wconf 78' lang='lat' dir='ltr'><strong>omne-s</strong></span> 
     </span>
     <span class='ocr_line' id='line_1_16' title="bbox 215 1460 1584 1545; baseline -0.001 -19"><span class='ocrx_word' id='word_1_103' title='bbox 215 1460 442 1526; x_wconf 75' lang='lat' dir='ltr'><strong>ventris</strong></span> <span class='ocrx_word' id='word_1_104' title='bbox 484 1460 717 1524; x_wconf 86' lang='lat' dir='ltr'><strong>dolores</strong></span> <span class='ocrx_word' id='word_1_105' title='bbox 749 1460 906 1522; x_wconf 87' lang='lat' dir='ltr'><strong>sedat</strong></span> <span class='ocrx_word' id='word_1_106' title='bbox 934 1463 994 1521; x_wconf 89' lang='lat' dir='ltr'><strong>in</strong></span> <span class='ocrx_word' id='word_1_107' title='bbox 1025 1465 1168 1523; x_wconf 81' lang='lat' dir='ltr'><strong>vino</strong></span> <span class='ocrx_word' id='word_1_108' title='bbox 1195 1507 1216 1536; x_wconf 93' lang='lat'><strong>,</strong></span> <span class='ocrx_word' id='word_1_109' title='bbox 1267 1462 1584 1545; x_wconf 79' lang='lat' dir='ltr'><strong>alvumque</strong></span> 
     </span>
     <span class='ocr_line' id='line_1_17' title="bbox 213 1540 1585 1626; baseline 0 -23"><span class='ocrx_word' id='word_1_110' title='bbox 213 1560 426 1626; x_wconf 86' lang='lat' dir='ltr'><strong>purgat</strong></span> <span class='ocrx_word' id='word_1_111' title='bbox 452 1565 469 1603; x_wconf 80' lang='lat' dir='ltr'><strong>t</strong></span> <span class='ocrx_word' id='word_1_112' title='bbox 503 1540 656 1602; x_wconf 84' lang='lat' dir='ltr'><strong>sanat</strong></span> <span class='ocrx_word' id='word_1_113' title='bbox 685 1541 1119 1624; x_wconf 85' lang='lat' dir='ltr'><strong>opisthotonum</strong></span> <span class='ocrx_word' id='word_1_114' title='bbox 1135 1588 1154 1617; x_wconf 84' lang='lat'><strong>,</strong></span> <span class='ocrx_word' id='word_1_115' title='bbox 1184 1544 1458 1605; x_wconf 88' lang='lat' dir='ltr'><strong>morbum</strong></span> <span class='ocrx_word' id='word_1_116' title='bbox 1494 1562 1585 1603; x_wconf 89' lang='lat' dir='ltr'><strong>re·</strong></span> 
     </span>
     <span class='ocr_line' id='line_1_18' title="bbox 259 1623 1584 1697; baseline 0.001 -13"><span class='ocrx_word' id='word_1_117' title='bbox 259 1628 414 1696; x_wconf 85' lang='lat' dir='ltr'><strong>‘um‚</strong></span> <span class='ocrx_word' id='word_1_118' title='bbox 441 1642 644 1697; x_wconf 84' lang='lat' dir='ltr'><strong>renes,</strong></span> <span class='ocrx_word' id='word_1_119' title='bbox 672 1625 927 1683; x_wconf 81' lang='lat' dir='ltr'><strong>vesicam</strong></span> <span class='ocrx_word' id='word_1_120' title='bbox 951 1646 967 1684; x_wconf 74' lang='lat' dir='ltr'><em>z</em></span> <span class='ocrx_word' id='word_1_121' title='bbox 1005 1625 1269 1684; x_wconf 83' lang='lat' dir='ltr'><strong>arteriam</strong></span> <span class='ocrx_word' id='word_1_122' title='bbox 1303 1623 1584 1685; x_wconf 84' lang='lat' dir='ltr'><strong>autem&amp;</strong></span> 
     </span>
     <span class='ocr_line' id='line_1_19' title="bbox 214 1645 1587 1785; baseline -0.002 -20"><span class='ocrx_word' id='word_1_123' title='bbox 214 1645 582 1765; x_wconf 57' lang='lat' dir='ltr'><strong>ffomachum</strong></span> <span class='ocrx_word' id='word_1_124' title='bbox 617 1702 856 1764; x_wconf 62' lang='lat' dir='ltr'><strong>decoela</strong></span> <span class='ocrx_word' id='word_1_125' title='bbox 884 1705 943 1763; x_wconf 90' lang='lat' dir='ltr'><strong>in</strong></span> <span class='ocrx_word' id='word_1_126' title='bbox 977 1706 1157 1766; x_wconf 81' lang='lat' dir='ltr'><strong>vino:</strong></span> <span class='ocrx_word' id='word_1_127' title='bbox 1183 1700 1495 1785; x_wconf 78' lang='lat' dir='ltr'><strong>alvumque</strong></span> <span class='ocrx_word' id='word_1_128' title='bbox 1515 1705 1587 1762; x_wconf 83' lang='lat' dir='ltr'><strong>si-</strong></span> 
     </span>
     <span class='ocr_line' id='line_1_20' title="bbox 218 1782 1585 1849; baseline 0.001 -2"><span class='ocrx_word' id='word_1_129' title='bbox 218 1783 319 1847; x_wconf 79' lang='lat' dir='ltr'><strong>stit</strong></span> <span class='ocrx_word' id='word_1_130' title='bbox 338 1808 359 1847; x_wconf 72' lang='grc' dir='ltr'><strong><em>ι</em></strong></span> <span class='ocrx_word' id='word_1_131' title='bbox 394 1782 547 1847; x_wconf 86' lang='lat' dir='ltr'><strong>estur</strong></span> <span class='ocrx_word' id='word_1_132' title='bbox 597 1785 774 1845; x_wconf 85' lang='lat' dir='ltr'><strong>etiarn</strong></span> <span class='ocrx_word' id='word_1_133' title='bbox 824 1802 1030 1845; x_wconf 86' lang='lat' dir='ltr'><strong>contra</strong></span> <span class='ocrx_word' id='word_1_134' title='bbox 1071 1784 1289 1849; x_wconf 78' lang='lat' dir='ltr'><strong>malum</strong></span> <span class='ocrx_word' id='word_1_135' title='bbox 1336 1785 1585 1848; x_wconf 78' lang='lat' dir='ltr'><strong>mentis:</strong></span> 
     </span>
     <span class='ocr_line' id='line_1_21' title="bbox 219 1860 1585 1946; baseline -0.001 -20"><span class='ocrx_word' id='word_1_136' title='bbox 219 1865 323 1929; x_wconf 89' lang='lat' dir='ltr'><strong>sed</strong></span> <span class='ocrx_word' id='word_1_137' title='bbox 354 1865 742 1926; x_wconf 88' lang='lat' dir='ltr'><strong>in·medendo</strong></span> <span class='ocrx_word' id='word_1_138' title='bbox 804 1881 1051 1946; x_wconf 83' lang='lat' dir='ltr'><strong>quatuor</strong></span> <span class='ocrx_word' id='word_1_139' title='bbox 1107 1864 1394 1923; x_wconf 82' lang='lat' dir='ltr'><strong>drachmae</strong></span> <span class='ocrx_word' id='word_1_140' title='bbox 1454 1860 1585 1924; x_wconf 70' lang='lat' dir='ltr'><strong>satis</strong></span> 
     </span>
     <span class='ocr_line' id='line_1_22' title="bbox 220 1942 1589 2028; baseline -0.002 -22"><span class='ocrx_word' id='word_1_141' title='bbox 220 1945 373 2007; x_wconf 84' lang='lat' dir='ltr'><strong>sunt.</strong></span> <span class='ocrx_word' id='word_1_142' title='bbox 407 1943 602 2006; x_wconf 88' lang='lat' dir='ltr'><strong>Grana</strong></span> <span class='ocrx_word' id='word_1_143' title='bbox 640 1947 803 2028; x_wconf 87' lang='lat' dir='ltr'><strong>nigra</strong></span> <span class='ocrx_word' id='word_1_144' title='bbox 851 1942 1186 2004; x_wconf 84' lang='lat' dir='ltr'><strong>auxiliantur</strong></span> <span class='ocrx_word' id='word_1_145' title='bbox 1220 1943 1285 2005; x_wconf 87' lang='lat'>&amp;</span> <span class='ocrx_word' id='word_1_146' title='bbox 1320 1942 1589 2026; x_wconf 86' lang='lat' dir='ltr'><strong>suppres-</strong></span> 
     </span>
     <span class='ocr_line' id='line_1_23' title="bbox 222 2024 1586 2106; baseline -0.002 -19"><span class='ocrx_word' id='word_1_147' title='bbox 222 2025 485 2087; x_wconf 77' lang='lat' dir='ltr'><strong>sionibus</strong></span> <span class='ocrx_word' id='word_1_148' title='bbox 511 2024 840 2096; x_wconf 64' lang='lat' dir='ltr'><strong>nofiurnis,</strong></span> <span class='ocrx_word' id='word_1_149' title='bbox 866 2026 927 2083; x_wconf 88' lang='lat' dir='ltr'><strong>in</strong></span> <span class='ocrx_word' id='word_1_150' title='bbox 959 2025 1103 2084; x_wconf 87' lang='lat' dir='ltr'><strong>vino</strong></span> <span class='ocrx_word' id='word_1_151' title='bbox 1139 2042 1309 2106; x_wconf 89' lang='lat' dir='ltr'><strong>pota,</strong></span> <span class='ocrx_word' id='word_1_152' title='bbox 1331 2045 1451 2106; x_wconf 91' lang='lat' dir='ltr'><strong>quo</strong></span> <span class='ocrx_word' id='word_1_153' title='bbox 1492 2025 1586 2086; x_wconf 88' lang='lat' dir='ltr'><strong>di-</strong></span> 
     </span>
     <span class='ocr_line' id='line_1_24' title="bbox 224 2103 1583 2168; baseline 0 -2"><span class='ocrx_word' id='word_1_154' title='bbox 224 2106 377 2167; x_wconf 70' lang='lat' dir='ltr'><strong>&amp;um</strong></span> <span class='ocrx_word' id='word_1_155' title='bbox 411 2104 495 2167; x_wconf 89' lang='lat' dir='ltr'><strong>est</strong></span> <span class='ocrx_word' id='word_1_156' title='bbox 530 2126 796 2168; x_wconf 88' lang='lat' dir='ltr'><strong>numero.</strong></span> <span class='ocrx_word' id='word_1_157' title='bbox 828 2103 1123 2166; x_wconf 86' lang='lat' dir='ltr'><strong>Stomachi</strong></span> <span class='ocrx_word' id='word_1_158' title='bbox 1167 2109 1315 2168; x_wconf 77' lang='lat' dir='ltr'><strong>vero</strong></span> <span class='ocrx_word' id='word_1_159' title='bbox 1357 2109 1583 2167; x_wconf 84' lang='lat' dir='ltr'><strong>erosio-</strong></span> 
     </span>
     <span class='ocr_line' id='line_1_25' title="bbox 223 2183 1589 2269; baseline -0.004 -21"><span class='ocrx_word' id='word_1_160' title='bbox 223 2186 391 2248; x_wconf 83' lang='lat' dir='ltr'><strong>nibus</strong></span> <span class='ocrx_word' id='word_1_161' title='bbox 410 2231 432 2261; x_wconf 93' lang='lat'><strong><em>‚</em></strong></span> <span class='ocrx_word' id='word_1_162' title='bbox 460 2184 527 2249; x_wconf 75' lang='grc' dir='ltr'><strong>δι</strong></span> <span class='ocrx_word' id='word_1_163' title='bbox 565 2183 679 2248; x_wconf 79' lang='lat' dir='ltr'><strong>effe</strong></span> <span class='ocrx_word' id='word_1_164' title='bbox 711 2206 818 2261; x_wconf 89' lang='lat' dir='ltr'><strong>ea,</strong></span> <span class='ocrx_word' id='word_1_165' title='bbox 851 2187 1142 2249; x_wconf 86' lang='lat' dir='ltr'><strong>&amp;illinire</strong></span> <span class='ocrx_word' id='word_1_166' title='bbox 1162 2184 1420 2269; x_wconf 84' lang='lat' dir='ltr'><strong>prodest.</strong></span> <span class='ocrx_word' id='word_1_167' title='bbox 1440 2184 1589 2267; x_wconf 73' lang='lat' dir='ltr'><strong>Sup-</strong></span> 
     </span>
     <span class='ocr_line' id='line_1_26' title="bbox 225 2265 1586 2349; baseline -0.001 -22"><span class='ocrx_word' id='word_1_168' title='bbox 225 2265 556 2349; x_wconf 79' lang='lat' dir='ltr'><strong>purationes</strong></span> <span class='ocrx_word' id='word_1_169' title='bbox 599 2286 833 2349; x_wconf 86' lang='lat' dir='ltr'><strong>quoque</strong></span> <span class='ocrx_word' id='word_1_170' title='bbox 867 2265 1240 2330; x_wconf 87' lang='lat' dir='ltr'><strong>discutiuntur</strong></span> <span class='ocrx_word' id='word_1_171' title='bbox 1268 2289 1284 2329; x_wconf 71' lang='grc' dir='ltr'><strong>ε</strong></span> <span class='ocrx_word' id='word_1_172' title='bbox 1322 2282 1586 2327; x_wconf 77' lang='lat' dir='ltr'><strong>recentes</strong></span> 
     </span>
     <span class='ocr_line' id='line_1_27' title="bbox 226 2345 1589 2428; baseline -0.002 -21"><span class='ocrx_word' id='word_1_173' title='bbox 226 2349 396 2428; x_wconf 88' lang='lat' dir='ltr'><strong>nigro</strong></span> <span class='ocrx_word' id='word_1_174' title='bbox 441 2345 658 2408; x_wconf 87' lang='lat' dir='ltr'><strong>semine</strong></span> <span class='ocrx_word' id='word_1_175' title='bbox 681 2390 702 2420; x_wconf 91' lang='lat'>‚</span> <span class='ocrx_word' id='word_1_176' title='bbox 735 2363 963 2408; x_wconf 82' lang='lat' dir='ltr'><strong>veteres</strong></span> <span class='ocrx_word' id='word_1_177' title='bbox 1018 2347 1217 2407; x_wconf 88' lang='lat' dir='ltr'><strong>rubro.</strong></span> <span class='ocrx_word' id='word_1_178' title='bbox 1254 2347 1589 2427; x_wconf 81' lang='lat' dir='ltr'><strong>Utrumque</strong></span> 
     </span>
     <span class='ocr_line' id='line_1_28' title="bbox 226 2426 1589 2509; baseline -0.003 -22"><span class='ocrx_word' id='word_1_179' title='bbox 226 2426 521 2488; x_wconf 83' lang='lat' dir='ltr'><strong>auxiliatur</strong></span> <span class='ocrx_word' id='word_1_180' title='bbox 552 2448 588 2485; x_wconf 88' lang='lat' dir='ltr'><strong>a</strong></span> <span class='ocrx_word' id='word_1_181' title='bbox 618 2426 880 2509; x_wconf 85' lang='lat' dir='ltr'><strong>serpente</strong></span> <span class='ocrx_word' id='word_1_182' title='bbox 924 2429 1207 2509; x_wconf 82' lang='lat' dir='ltr'><strong>percussis</strong></span> <span class='ocrx_word' id='word_1_183' title='bbox 1237 2450 1254 2488; x_wconf 72' lang='grc' dir='ltr'><strong><em>ι</em></strong></span> <span class='ocrx_word' id='word_1_184' title='bbox 1285 2429 1351 2490; x_wconf 75' lang='grc' dir='ltr'><strong>ὂῐ</strong></span> <span class='ocrx_word' id='word_1_185' title='bbox 1391 2427 1589 2508; x_wconf 79' lang='lat' dir='ltr'><strong>pueris</strong></span> 
     </span>
     <span class='ocr_line' id='line_1_29' title="bbox 227 2504 1490 2589; baseline -0.002 -22"><span class='ocrx_word' id='word_1_186' title='bbox 227 2523 432 2568; x_wconf 82' lang='lat' dir='ltr'><strong>contra</strong></span> <span class='ocrx_word' id='word_1_187' title='bbox 468 2506 731 2567; x_wconf 87' lang='lat' dir='ltr'><strong>calculos</strong></span> <span class='ocrx_word' id='word_1_188' title='bbox 750 2549 770 2580; x_wconf 89' lang='lat'><strong>,</strong></span> <span class='ocrx_word' id='word_1_189' title='bbox 807 2508 1120 2589; x_wconf 88' lang='lat' dir='ltr'><strong>incipiente</strong></span> <span class='ocrx_word' id='word_1_190' title='bbox 1157 2504 1490 2587; x_wconf 66' lang='lat' dir='ltr'><strong>stranguria.</strong></span> 
     </span>
     <span class='ocr_line' id='line_1_30' title="bbox 309 2583 1619 2648; baseline -0.003 0"><span class='ocrx_word' id='word_1_191' title='bbox 309 2585 464 2648; x_wconf 86' lang='lat' dir='ltr'>LXI.</span> <span class='ocrx_word' id='word_1_192' title='bbox 503 2583 642 2648; x_wconf 90' lang='lat' dir='ltr'><strong>Gna</strong></span> <span class='ocrx_word' id='word_1_193' title='bbox 682 2587 879 2648; x_wconf 82' lang='lat' dir='ltr'><strong>halion</strong></span> <span class='ocrx_word' id='word_1_194' title='bbox 915 2587 1011 2646; x_wconf 89' lang='lat' dir='ltr'><strong>alii</strong></span> <span class='ocrx_word' id='word_1_195' title='bbox 1048 2584 1440 2645; x_wconf 80' lang='lat' dir='ltr'><strong>chamaezelon</strong></span> <span class='ocrx_word' id='word_1_196' title='bbox 1473 2603 1619 2645; x_wconf 84' lang='lat' dir='ltr'><strong>vo·-</strong></span> 
     </span>
    </p>
   </div>
   <div class='ocr_carea' id='block_1_3' title="bbox 227 2661 1594 2822">
    <p class='ocr_par' dir='ltr' id='par_1_3' title="bbox 227 2661 1594 2822">
     <span class='ocr_line' id='line_1_31' title="bbox 227 2661 1592 2807; baseline -0.003 -78"><span class='ocrx_word' id='word_1_197' title='bbox 227 2684 398 2740; x_wconf 80' lang='lat' dir='ltr'><strong>cant‚</strong></span> <span class='ocrx_word' id='word_1_198' title='bbox 438 2665 605 2747; x_wconf 79' lang='lat' dir='ltr'><strong>cujus</strong></span> <span class='ocrx_word' id='word_1_199' title='bbox 664 2666 794 2726; x_wconf 80' lang='lat' dir='ltr'><strong>oliis</strong></span> <span class='ocrx_word' id='word_1_200' title='bbox 847 2665 991 2724; x_wconf 86' lang='lat' dir='ltr'><strong>albis</strong></span> <span class='ocrx_word' id='word_1_201' title='bbox 1046 2661 1429 2803; x_wconf 50' lang='lat' dir='ltr'><strong>mollibuspue</strong></span> <span class='ocrx_word' id='word_1_202' title='bbox 1472 2683 1592 2807; x_wconf 66' lang='lat' dir='ltr'><strong>Bro</strong></span> 
     </span>
     <span class='ocr_line' id='line_1_32' title="bbox 1535 2766 1594 2822; baseline 0 0"><span class='ocrx_word' id='word_1_203' title='bbox 1535 2766 1594 2822; x_wconf 50' lang='lat' dir='ltr'><strong>a}</strong></span> 
     </span>
    </p>
   </div>
   <div class='ocr_carea' id='block_1_4' title="bbox 226 2743 1458 2891">
    <p class='ocr_par' dir='ltr' id='par_1_4' title="bbox 226 2743 1458 2891">
     <span class='ocr_line' id='line_1_33' title="bbox 226 2743 1458 2888; baseline -0.001 -78"><span class='ocrx_word' id='word_1_204' title='bbox 226 2765 494 2814; x_wconf 76' lang='lat' dir='ltr'><strong>tomento</strong></span> <span class='ocrx_word' id='word_1_205' title='bbox 533 2763 808 2810; x_wconf 83' lang='lat' dir='ltr'><strong>utuntur:</strong></span> <span class='ocrx_word' id='word_1_206' title='bbox 840 2743 969 2810; x_wconf 74' lang='lat' dir='ltr'><strong>sane</strong></span> <span class='ocrx_word' id='word_1_207' title='bbox 990 2745 1057 2811; x_wconf 88' lang='lat'>&amp;</span> <span class='ocrx_word' id='word_1_208' title='bbox 1082 2743 1288 2888; x_wconf 47' lang='lat' dir='ltr'><strong>simiga</strong></span> <span class='ocrx_word' id='word_1_209' title='bbox 1338 2761 1458 2809; x_wconf 85' lang='lat' dir='ltr'><strong>unt.</strong></span> 
     </span>
     <span class='ocr_line' id='line_1_34' title="bbox 1101 2846 1348 2891; baseline -0.004 1"><span class='ocrx_word' id='word_1_210' title='bbox 1101 2875 1108 2880; x_wconf 84' lang='lat'>-</span> <span class='ocrx_word' id='word_1_211' title='bbox 1304 2846 1348 2891; x_wconf 79' lang='lat' dir='ltr'><strong>v</strong></span> 
     </span>
    </p>
   </div>
  </div>
 </body>
</html>
