2000 3600
424 253 524 322 74
677 232 749 301 C.
797 232 1154 300 ΡιιΝτι
1202 227 1597 298 NATUR.

400 351 489 411 in
508 352 702 431 opacis
717 350 741 424 ,⁴
763 347 980 408 semine
1001 346 1181 420 milii,
1213 345 1600 423 vehementer
1630 346 1801 430 aspe-
1845 420 1851 427 ⁴

423 452 495 490 ro
529 428 731 512 gustu:
766 428 925 511 quod
963 428 1011 487 si
1046 426 1243 501 bibant
1261 448 1335 487 ex
1356 430 1499 489 vino
1527 444 1662 488 ante
1684 449 1802 490 ce·-

424 531 557 572 nam
575 510 756 570 tribus
778 508 970 569 obolis
992 508 1053 566 in
1072 507 1297 590 cyathis
1325 528 1487 591 aquae
1506 509 1795 583 totidem,
1811 586 1816 589 ,

424 590 632 667 mulier
669 611 734 650 ac
763 590 893 663 vir,
928 605 1065 648 ante
1080 605 1431 670 conceptum
1454 588 1659 664 diebus
1680 607 1812 661 xlm,

419 670 605 732 virilis
639 668 802 732 sexus
836 686 1066 751 partum
1099 669 1353 731 futurum
1385 669 1566 731 aiunt.
1598 667 1697 730 Est
1718 671 1814 750 &-

422 750 536 811 alia
575 768 1004 833 crataeogon08‚
1030 770 1158 831 quae
1202 750 1558 831 thelygonos
1597 771 1800 811 voca-

419 847 534 902 tur.¹
569 829 918 892 Differentia
945 831 1277 912 intelligitur
1308 831 1541 891 lenitate
1569 826 1799 912 gustfis.

420 911 569 973 Sunt
600 915 699 994 qui
732 912 941 979 florem
971 912 1320 993 crataeogoni
1353 910 1620 987 bibente}
1653 932 1799 972 mu·-

422 994 594 1054 lieres
634 995 782 1054 intra
825 1009 931 1053 xl...
967 991 1125 1052 diem
1174 994 1482 1071 concipere
1535 992 1812 1067 tradant.-

421 1071 648 1136 Eadem
668 1073 863 1134 sanant
879 1073 1073 1146 ulcera
1089 1090 1289 1133 vetera
1305 1075 1467 1154 nigra
1485 1092 1618 1133 cum
1640 1074 1799 1134 mel-

423 1155 485 1215 le
511 1178 528 1215 τ
554 1155 790 1235 explent
820 1155 976 1212 sinus
1008 1152 1268 1213 ulcerum
1277 1196 1298 1226 ,
1321 1155 1386 1214 &
1408 1153 1649 1233 atropha
1668 1175 1814 1231 car-j

422 1234 657 1296 nosiora
673 1231 1257 1315 faciunttypurulenta
1289 1253 1469 1314 expur
1507 1251 1639 1295 ant:
1677 1256 1798 1316 pa-

422 1335 534 1376 nos
574 1312 925 1375 discutiuntt
974 1313 1131 1396 poda
1172 1334 1260 1374 ras
1300 1252 1799 1397 collegionesque

425 1415 632 1456 omnes
671 1394 887 1455 leniunt
910 1436 932 1468 ‚
980 1415 1131 1476 pecu
1155 1396 1345 1457 ‘ariter
1382 1396 1798 1458 mammarum.

423 1473 862 1558 Theophrastus
900 1476 1122 1537 arboris
1160 1496 1339 1558 genus
1385 1475 1628 1557 intelligi
1669 1498 1802 1537 vo·-

424 1555 532 1617 luit
566 1573 857 1639 crataegon
879 1600 899 1629 ‚
928 1559 1053 1620 sive
1086 1574 1441 1638 crataegona‚
1461 1576 1635 1638 quam
1668 1554 1800 1621 Ita-

424 1638 468 1698 li
496 1658 527 1696 a
608 1635 828 1698 ifoliam
860 1654 1100 1699 vocant.

635 1716 683 1778 1.
723 1716 1109 1780 Crocodilion
1144 1716 1549 1780 chamaeleonis
1587 1716 1796 1781 herbae

424 1800 606 1882 nigrae
633 1799 877 1886 figuram
912 1799 1088 1861 habet
1107 1843 1128 1872 ,
1161 1800 1351 1861 radice
1371 1800 1578 1882 longa,
1596 1813 1798 1881 aqua-

423 1882 560 1948 liter
600 1881 820 1957 crassa,
857 1881 1058 1944 odoris
1092 1878 1294 1963 asperi.
1324 1880 1589 1941 Nascitur
1615 1883 1674 1940 in
1694 1878 1794 1941 sa·-

423 1960 658 2021 huletis.
705 1963 851 2023 Pota
891 1960 1221 2044 sanguinem
1265 1981 1371 2043 per
1406 1981 1567 2022 nares
1616 1961 1794 2041 pellit

427 2038 732 2121 copiosum
781 2039 1136 2123 craffumque
1157 2086 1180 2117 ,
1234 2060 1409 2124 atque
1450 2044 1530 2103 ita
1567 2041 1793 2106 lienem

423 2117 765 2188 consumere
802 2120 1029 2182 dicitur.
1787 2186 1794 2190 .

505 2197 1105 2281 XLII.Cynosorchin
1123 2200 1295 2281 aliqui
1313 2199 1515 2262 orchin
1532 2221 1751 2266 vocant
1762 2221 1796 2280 ,“

423 2278 585 2341 foliis
624 2282 772 2341 oleae
787 2324 811 2352 ,
840 2280 1145 2352 mollibus,
1179 2283 1354 2341 ternis
1390 2301 1498 2362 per
1529 2281 1792 2364 semipe-

425 2360 565 2422 dem
609 2360 980 2444 longitudinis
1015 2364 1074 2422 in
1110 2360 1262 2422 terra
1301 2358 1481 2433 stratis
1510 2406 1534 2434 ,
1580 2366 1796 2428 radice

422 2442 703 2518 bulbosfi,
728 2441 981 2524 oblonga
1003 2486 1024 2516 ,
1062 2442 1278 2523 duplici
1316 2440 1517 2503 ordine
1542 2487 1563 2517 ‚
1611 2442 1789 2527 supe-

423 2526 580 2587 riore
603 2544 730 2604 quae
748 2522 940 2584 durior
959 2519 1043 2585 est
1057 2571 1075 2595 ‚
1102 2525 1167 2586 δὲ
1191 2521 1461 2594 inferiore
1482 2544 1610 2604 quae
1629 2527 1790 2587 mol·

419 2607 556 2668 lior.
594 2604 852 2668 Eduntur
890 2621 956 2666 ut
991 2604 1155 2667 bulbi
1175 2603 1358 2681 coeti,
1393 2607 1453 2665 in
1484 2605 1674 2666 vineis
1696 2606 1785 2684 feg-

422 2704 489 2742 re
528 2689 798 2749 inventae.
833 2686 920 2749 Ex
957 2687 1048 2750 his
1088 2686 1368 2748 radicibus
1409 2688 1458 2746 si
1497 2684 1786 2766 majorem¹

420 2762 597 2826 edant
633 2769 746 2832 viri
762 2808 785 2842 ‚
817 2787 1005 2846 mares
1033 2771 1293 2850 generari
1333 2767 1569 2841 dicunt:
1592 2768 1640 2833 si
1664 2769 1778 2830 rni-
