<?xml version="1.0" encoding="UTF-8"?>
<!DOCTYPE html PUBLIC "-//W3C//DTD XHTML 1.0 Transitional//EN"
    "http://www.w3.org/TR/xhtml1/DTD/xhtml1-transitional.dtd">
<html xmlns="http://www.w3.org/1999/xhtml" xml:lang="en" lang="en">
 <head>
  <title>
</title>
<meta http-equiv="Content-Type" content="text/html;charset=utf-8" />
  <meta name='ocr-system' content='tesseract 3.04.00' />
  <meta name='ocr-capabilities' content='ocr_page ocr_carea ocr_par ocr_line ocrx_word'/>
</head>
<body>
  <div class='ocr_page' id='page_1' title='image "./caiipliniisecun04unkngoog_0147.png"; bbox 0 0 2000 3600; ppageno 0'>
   <div class='ocr_carea' id='block_1_1' title="bbox 384 280 1575 381">
    <p class='ocr_par' dir='ltr' id='par_1_1' title="bbox 384 280 1575 381">
     <span class='ocr_line' id='line_1_1' title="bbox 384 280 1575 381; baseline 0.003 -29"><span class='ocrx_word' id='word_1_1' title='bbox 384 280 808 353; x_wconf 67' lang='lat' dir='ltr'>Hmron.</span> <span class='ocrx_word' id='word_1_2' title='bbox 856 282 1004 353; x_wconf 84' lang='lat' dir='ltr'>Lib.</span> <span class='ocrx_word' id='word_1_3' title='bbox 1045 280 1382 355; x_wconf 82' lang='lat' dir='ltr'><strong>xxvm.</strong></span> <span class='ocrx_word' id='word_1_4' title='bbox 1443 305 1575 381; x_wconf 84' lang='lat'>¹37</span> 
     </span>
    </p>
   </div>
   <div class='ocr_carea' id='block_1_2' title="bbox 178 398 1590 2909">
    <p class='ocr_par' dir='ltr' id='par_1_2' title="bbox 178 398 1590 2909">
     <span class='ocr_line' id='line_1_2' title="bbox 184 398 1582 484; baseline 0 -20"><span class='ocrx_word' id='word_1_5' title='bbox 184 411 418 465; x_wconf 83' lang='lat' dir='ltr'>&#39;contra</span> <span class='ocrx_word' id='word_1_6' title='bbox 441 398 784 462; x_wconf 82' lang='lat' dir='ltr'>suffusiones</span> <span class='ocrx_word' id='word_1_7' title='bbox 807 401 906 463; x_wconf 78' lang='lat' dir='ltr'>vel</span> <span class='ocrx_word' id='word_1_8' title='bbox 939 402 1228 484; x_wconf 81' lang='lat' dir='ltr'>caligines.</span> <span class='ocrx_word' id='word_1_9' title='bbox 1260 402 1407 465; x_wconf 83' lang='lat' dir='ltr'>Illita</span> <span class='ocrx_word' id='word_1_10' title='bbox 1471 424 1582 464; x_wconf 85' lang='lat' dir='ltr'>uo·</span> 
     </span>
     <span class='ocr_line' id='line_1_3' title="bbox 186 479 1579 565; baseline 0.002 -22"><span class='ocrx_word' id='word_1_11' title='bbox 186 504 318 565; x_wconf 81' lang='lat' dir='ltr'>que</span> <span class='ocrx_word' id='word_1_12' title='bbox 367 503 444 543; x_wconf 82' lang='lat' dir='ltr'>ex</span> <span class='ocrx_word' id='word_1_13' title='bbox 481 481 617 543; x_wconf 85' lang='lat' dir='ltr'>oleo</span> <span class='ocrx_word' id='word_1_14' title='bbox 670 484 922 563; x_wconf 82' lang='lat' dir='ltr'>cyprino</span> <span class='ocrx_word' id='word_1_15' title='bbox 949 526 975 556; x_wconf 81' lang='lat'><strong>,</strong></span> <span class='ocrx_word' id='word_1_16' title='bbox 1011 482 1302 544; x_wconf 78' lang='lat' dir='ltr'>molestias</span> <span class='ocrx_word' id='word_1_17' title='bbox 1335 487 1393 545; x_wconf 85' lang='lat' dir='ltr'>in</span> <span class='ocrx_word' id='word_1_18' title='bbox 1452 479 1579 546; x_wconf 70' lang='lat' dir='ltr'>acie</span> 
     </span>
     <span class='ocr_line' id='line_1_4' title="bbox 178 562 1576 642; baseline -0.001 -15"><span class='ocrx_word' id='word_1_19' title='bbox 178 562 541 628; x_wconf 76' lang='lat' dir='ltr'>,enascentes</span> <span class='ocrx_word' id='word_1_20' title='bbox 603 563 792 623; x_wconf 84' lang='lat' dir='ltr'>tollit:</span> <span class='ocrx_word' id='word_1_21' title='bbox 834 583 906 623; x_wconf 89' lang='lat' dir='ltr'>ex</span> <span class='ocrx_word' id='word_1_22' title='bbox 945 564 1096 642; x_wconf 64' lang='lat' dir='ltr'>aquil</span> <span class='ocrx_word' id='word_1_23' title='bbox 1135 566 1283 625; x_wconf 76' lang='lat' dir='ltr'>verb</span> <span class='ocrx_word' id='word_1_24' title='bbox 1332 565 1576 628; x_wconf 68' lang='lat' dir='ltr'>morbos</span> 
     </span>
     <span class='ocr_line' id='line_1_5' title="bbox 191 643 1579 725; baseline 0 -18"><span class='ocrx_word' id='word_1_25' title='bbox 191 665 453 716; x_wconf 83' lang='lat' dir='ltr'>omnes,</span> <span class='ocrx_word' id='word_1_26' title='bbox 483 664 733 725; x_wconf 84' lang='lat' dir='ltr'>quorum</span> <span class='ocrx_word' id='word_1_27' title='bbox 769 661 967 706; x_wconf 82' lang='lat' dir='ltr'>natura</span> <span class='ocrx_word' id='word_1_28' title='bbox 1001 643 1169 724; x_wconf 85' lang='lat' dir='ltr'>serpit</span> <span class='ocrx_word' id='word_1_29' title='bbox 1195 647 1254 704; x_wconf 83' lang='lat' dir='ltr'>in</span> <span class='ocrx_word' id='word_1_30' title='bbox 1287 644 1430 705; x_wconf 80' lang='lat' dir='ltr'>facie</span> <span class='ocrx_word' id='word_1_31' title='bbox 1449 647 1579 720; x_wconf 79' lang='lat' dir='ltr'>‚ni-</span> 
     </span>
     <span class='ocr_line' id='line_1_6' title="bbox 185 722 1580 806; baseline 0.003 -22"><span class='ocrx_word' id='word_1_32' title='bbox 185 742 526 805; x_wconf 78' lang='lat' dir='ltr'>.toremque</span> <span class='ocrx_word' id='word_1_33' title='bbox 565 723 779 783; x_wconf 78' lang='lat' dir='ltr'><strong>reddit.</strong></span> <span class='ocrx_word' id='word_1_34' title='bbox 827 722 1165 806; x_wconf 85' lang='lat' dir='ltr'>Lentigines</span> <span class='ocrx_word' id='word_1_35' title='bbox 1207 724 1357 785; x_wconf 88' lang='lat' dir='ltr'>tollit</span> <span class='ocrx_word' id='word_1_36' title='bbox 1381 747 1445 786; x_wconf 78' lang='lat' dir='ltr'>ac</span> <span class='ocrx_word' id='word_1_37' title='bbox 1473 747 1580 788; x_wconf 66' lang='lat' dir='ltr'>vae</span> 
     </span>
     <span class='ocr_line' id='line_1_7' title="bbox 192 801 1573 885; baseline 0 -19"><span class='ocrx_word' id='word_1_38' title='bbox 192 826 344 877; x_wconf 80' lang='lat' dir='ltr'>ros,</span> <span class='ocrx_word' id='word_1_39' title='bbox 379 801 742 885; x_wconf 79' lang='lat' dir='ltr'>maculasque</span> <span class='ocrx_word' id='word_1_40' title='bbox 786 824 1010 865; x_wconf 83' lang='lat' dir='ltr'>omnes.</span> <span class='ocrx_word' id='word_1_41' title='bbox 1044 803 1118 865; x_wconf 88' lang='lat' dir='ltr'>Et</span> <span class='ocrx_word' id='word_1_42' title='bbox 1160 823 1358 867; x_wconf 83' lang='lat' dir='ltr'>contra</span> <span class='ocrx_word' id='word_1_43' title='bbox 1388 808 1573 868; x_wconf 84' lang='lat' dir='ltr'>comi-</span> 
     </span>
     <span class='ocr_line' id='line_1_8' title="bbox 192 883 1573 947; baseline 0 -1"><span class='ocrx_word' id='word_1_44' title='bbox 192 886 382 947; x_wconf 77' lang='lat' dir='ltr'>tiales</span> <span class='ocrx_word' id='word_1_45' title='bbox 417 884 658 946; x_wconf 85' lang='lat' dir='ltr'><strong>morbos</strong></span> <span class='ocrx_word' id='word_1_46' title='bbox 698 883 907 945; x_wconf 86' lang='lat' dir='ltr'>bibitur</span> <span class='ocrx_word' id='word_1_47' title='bbox 937 888 1217 946; x_wconf 77' lang='lat' dir='ltr'>ex‘aceto</span> <span class='ocrx_word' id='word_1_48' title='bbox 1252 884 1435 946; x_wconf 86' lang='lat' dir='ltr'>mulso</span> <span class='ocrx_word' id='word_1_49' title='bbox 1480 886 1573 946; x_wconf 82' lang='lat' dir='ltr'>bi·</span> 
     </span>
     <span class='ocr_line' id='line_1_9' title="bbox 196 963 1576 1047; baseline -0.001 -19"><span class='ocrx_word' id='word_1_50' title='bbox 196 968 299 1028; x_wconf 79' lang='lat' dir='ltr'>nis</span> <span class='ocrx_word' id='word_1_51' title='bbox 323 964 539 1025; x_wconf 88' lang='lat' dir='ltr'><strong>obolis.</strong></span> <span class='ocrx_word' id='word_1_52' title='bbox 555 964 848 1046; x_wconf 83' lang='lat' dir='ltr'>Adposita</span> <span class='ocrx_word' id='word_1_53' title='bbox 867 963 1098 1026; x_wconf 82' lang='lat' dir='ltr'>menses</span> <span class='ocrx_word' id='word_1_54' title='bbox 1122 968 1258 1026; x_wconf 88' lang='lat' dir='ltr'>ciet.</span> <span class='ocrx_word' id='word_1_55' title='bbox 1292 964 1538 1047; x_wconf 83' lang='lat' dir='ltr'>Optima</span> <span class='ocrx_word' id='word_1_56' title='bbox 1553 1009 1576 1041; x_wconf 92' lang='lat'><strong>,</strong></span> 
     </span>
     <span class='ocr_line' id='line_1_10' title="bbox 200 1042 1575 1127; baseline 0 -21"><span class='ocrx_word' id='word_1_57' title='bbox 200 1067 343 1127; x_wconf 78' lang='lat' dir='ltr'>quae</span> <span class='ocrx_word' id='word_1_58' title='bbox 381 1044 816 1118; x_wconf 84' lang='lat' dir='ltr'>candidissima,</span> <span class='ocrx_word' id='word_1_59' title='bbox 835 1044 902 1106; x_wconf 89' lang='lat'>&amp;</span> <span class='ocrx_word' id='word_1_60' title='bbox 924 1042 1203 1118; x_wconf 77' lang='lat' dir='ltr'>friabilis,</span> <span class='ocrx_word' id='word_1_61' title='bbox 1224 1044 1457 1107; x_wconf 69' lang='lat' dir='ltr'>minime</span> <span class='ocrx_word' id='word_1_62' title='bbox 1499 1065 1575 1110; x_wconf 78' lang='lat' dir='ltr'>ue</span> 
     </span>
     <span class='ocr_line' id='line_1_11' title="bbox 196 1124 1579 1209; baseline 0 -24"><span class='ocrx_word' id='word_1_63' title='bbox 196 1124 572 1209; x_wconf 80' lang='lat' dir='ltr'>ponderosa:</span> <span class='ocrx_word' id='word_1_64' title='bbox 607 1126 745 1192; x_wconf 61' lang='lat' dir='ltr'>clun</span> <span class='ocrx_word' id='word_1_65' title='bbox 780 1139 1022 1198; x_wconf 85' lang='lat' dir='ltr'>teratur,</span> <span class='ocrx_word' id='word_1_66' title='bbox 1042 1128 1193 1186; x_wconf 81' lang='lat' dir='ltr'>inter</span> <span class='ocrx_word' id='word_1_67' title='bbox 1210 1125 1426 1207; x_wconf 82' lang='lat' dir='ltr'>digitos</span> <span class='ocrx_word' id='word_1_68' title='bbox 1484 1144 1579 1185; x_wconf 88' lang='lat' dir='ltr'>er·</span> 
     </span>
     <span class='ocr_line' id='line_1_12' title="bbox 201 1203 1580 1277; baseline -0.001 -9"><span class='ocrx_word' id='word_1_69' title='bbox 201 1204 592 1268; x_wconf 83' lang='lat' dir='ltr'>mentescens.</span> <span class='ocrx_word' id='word_1_70' title='bbox 633 1204 927 1277; x_wconf 82' lang='lat' dir='ltr'>Lavatur,</span> <span class='ocrx_word' id='word_1_71' title='bbox 964 1204 1297 1272; x_wconf 25' lang='lat' dir='ltr'>utlceruffa.</span> <span class='ocrx_word' id='word_1_72' title='bbox 1332 1203 1580 1268; x_wconf 80' lang='lat' dir='ltr'>Adulte-</span> 
     </span>
     <span class='ocr_line' id='line_1_13' title="bbox 201 1283 1574 1368; baseline -0.002 -19"><span class='ocrx_word' id='word_1_73' title='bbox 201 1305 340 1350; x_wconf 80' lang='lat' dir='ltr'>rant</span> <span class='ocrx_word' id='word_1_74' title='bbox 396 1286 632 1368; x_wconf 87' lang='lat' dir='ltr'>amy10,</span> <span class='ocrx_word' id='word_1_75' title='bbox 673 1303 772 1347; x_wconf 87' lang='lat' dir='ltr'>aut</span> <span class='ocrx_word' id='word_1_76' title='bbox 804 1283 1097 1359; x_wconf 66' lang='lat' dir='ltr'>Cimolia,</span> <span class='ocrx_word' id='word_1_77' title='bbox 1143 1283 1243 1347; x_wconf 89' lang='lat' dir='ltr'>sed</span> <span class='ocrx_word' id='word_1_78' title='bbox 1278 1285 1574 1361; x_wconf 70' lang='lat' dir='ltr'>maxime,</span> 
     </span>
     <span class='ocr_line' id='line_1_14' title="bbox 203 1365 1575 1449; baseline 0.001 -22"><span class='ocrx_word' id='word_1_79' title='bbox 203 1369 311 1449; x_wconf 88' lang='lat' dir='ltr'>qui</span> <span class='ocrx_word' id='word_1_80' title='bbox 356 1383 558 1447; x_wconf 84' lang='lat' dir='ltr'>captos</span> <span class='ocrx_word' id='word_1_81' title='bbox 607 1366 790 1447; x_wconf 63' lang='lat' dir='ltr'>oryza</span> <span class='ocrx_word' id='word_1_82' title='bbox 838 1368 1064 1426; x_wconf 70' lang='lat' dir='ltr'>tantum</span> <span class='ocrx_word' id='word_1_83' title='bbox 1103 1365 1358 1448; x_wconf 83' lang='lat' dir='ltr'>pascunt.</span> <span class='ocrx_word' id='word_1_84' title='bbox 1416 1366 1575 1428; x_wconf 75' lang='lat' dir='ltr'>Pelle</span> 
     </span>
     <span class='ocr_line' id='line_1_15' title="bbox 205 1444 1574 1509; baseline -0.001 0"><span class='ocrx_word' id='word_1_85' title='bbox 205 1445 460 1509; x_wconf 68' lang='lat' dir='ltr'>inunfiis</span> <span class='ocrx_word' id='word_1_86' title='bbox 500 1446 683 1507; x_wconf 86' lang='lat' dir='ltr'>oculis</span> <span class='ocrx_word' id='word_1_87' title='bbox 724 1466 795 1506; x_wconf 86' lang='lat' dir='ltr'>ex</span> <span class='ocrx_word' id='word_1_88' title='bbox 834 1445 1009 1507; x_wconf 85' lang='lat' dir='ltr'>melle</span> <span class='ocrx_word' id='word_1_89' title='bbox 1065 1465 1266 1509; x_wconf 80' lang='lat' dir='ltr'>contra</span> <span class='ocrx_word' id='word_1_90' title='bbox 1308 1444 1574 1509; x_wconf 82' lang='lat' dir='ltr'>suffusio-</span> 
     </span>
     <span class='ocr_line' id='line_1_16' title="bbox 202 1524 1575 1607; baseline -0.001 -17"><span class='ocrx_word' id='word_1_91' title='bbox 202 1549 359 1598; x_wconf 82' lang='lat' dir='ltr'>nes,</span> <span class='ocrx_word' id='word_1_92' title='bbox 394 1527 533 1587; x_wconf 84' lang='lat' dir='ltr'>nihil</span> <span class='ocrx_word' id='word_1_93' title='bbox 569 1526 764 1588; x_wconf 87' lang='lat' dir='ltr'>utilius</span> <span class='ocrx_word' id='word_1_94' title='bbox 807 1526 1139 1607; x_wconf 68' lang='lat' dir='ltr'>praedicant.</span> <span class='ocrx_word' id='word_1_95' title='bbox 1194 1524 1478 1588; x_wconf 71' lang='lat' dir='ltr'>Intestinis</span> <span class='ocrx_word' id='word_1_96' title='bbox 1505 1528 1575 1589; x_wconf 75' lang='grc' dir='ltr'>δε.</span> 
     </span>
     <span class='ocr_line' id='line_1_17' title="bbox 203 1603 1580 1690; baseline -0.001 -21"><span class='ocrx_word' id='word_1_97' title='bbox 203 1610 444 1690; x_wconf 76' lang='lat' dir='ltr'>reliquo</span> <span class='ocrx_word' id='word_1_98' title='bbox 501 1626 751 1689; x_wconf 86' lang='lat' dir='ltr'>corpore</span> <span class='ocrx_word' id='word_1_99' title='bbox 798 1604 923 1685; x_wconf 80' lang='lat' dir='ltr'>ejus</span> <span class='ocrx_word' id='word_1_100' title='bbox 965 1603 1138 1668; x_wconf 83' lang='lat' dir='ltr'>suffiri</span> <span class='ocrx_word' id='word_1_101' title='bbox 1176 1606 1359 1669; x_wconf 59' lang='lat' dir='ltr'>vulva</span> <span class='ocrx_word' id='word_1_102' title='bbox 1410 1606 1580 1667; x_wconf 78' lang='lat' dir='ltr'>labo-</span> 
     </span>
     <span class='ocr_line' id='line_1_18' title="bbox 204 1685 1579 1751; baseline -0.002 0"><span class='ocrx_word' id='word_1_103' title='bbox 204 1706 405 1751; x_wconf 83' lang='lat' dir='ltr'>rantes</span> <span class='ocrx_word' id='word_1_104' title='bbox 450 1685 689 1748; x_wconf 81' lang='lat' dir='ltr'>salutare</span> <span class='ocrx_word' id='word_1_105' title='bbox 737 1687 983 1747; x_wconf 86' lang='lat' dir='ltr'>tradunt.</span> <span class='ocrx_word' id='word_1_106' title='bbox 1043 1686 1197 1750; x_wconf 84' lang='lat' dir='ltr'>Item</span> <span class='ocrx_word' id='word_1_107' title='bbox 1262 1685 1579 1749; x_wconf 75' lang='lat' dir='ltr'>velleribus</span> 
     </span>
     <span class='ocr_line' id='line_1_19' title="bbox 192 1764 1581 1849; baseline -0.003 -15"><span class='ocrx_word' id='word_1_108' title='bbox 192 1768 555 1835; x_wconf 81' lang='lat' dir='ltr'>‚circumdari</span> <span class='ocrx_word' id='word_1_109' title='bbox 586 1787 808 1849; x_wconf 82' lang='lat' dir='ltr'>vapore</span> <span class='ocrx_word' id='word_1_110' title='bbox 852 1764 1108 1848; x_wconf 80' lang='lat' dir='ltr'>ejusdem</span> <span class='ocrx_word' id='word_1_111' title='bbox 1159 1765 1406 1830; x_wconf 72' lang='lat' dir='ltr'>infeffiS.</span> <span class='ocrx_word' id='word_1_112' title='bbox 1448 1765 1581 1830; x_wconf 82' lang='lat' dir='ltr'>Co-</span> 
     </span>
     <span class='ocr_line' id='line_1_20' title="bbox 207 1848 1581 1933; baseline -0.004 -21"><span class='ocrx_word' id='word_1_113' title='bbox 207 1853 285 1912; x_wconf 79' lang='lat' dir='ltr'>rii</span> <span class='ocrx_word' id='word_1_114' title='bbox 328 1849 619 1933; x_wconf 84' lang='lat' dir='ltr'>utriusque</span> <span class='ocrx_word' id='word_1_115' title='bbox 647 1850 796 1910; x_wconf 85' lang='lat' dir='ltr'>cinis</span> <span class='ocrx_word' id='word_1_116' title='bbox 827 1869 901 1910; x_wconf 82' lang='lat' dir='ltr'>ex</span> <span class='ocrx_word' id='word_1_117' title='bbox 934 1866 1105 1911; x_wconf 86' lang='lat' dir='ltr'>aceto</span> <span class='ocrx_word' id='word_1_118' title='bbox 1130 1848 1306 1909; x_wconf 86' lang='lat' dir='ltr'>illitus</span> <span class='ocrx_word' id='word_1_119' title='bbox 1342 1848 1430 1911; x_wconf 80' lang='lat' dir='ltr'>his</span> <span class='ocrx_word' id='word_1_120' title='bbox 1456 1867 1581 1928; x_wconf 80' lang='lat' dir='ltr'>pat·</span> 
     </span>
     <span class='ocr_line' id='line_1_21' title="bbox 209 1927 1581 2012; baseline -0.004 -18"><span class='ocrx_word' id='word_1_121' title='bbox 209 1933 374 1995; x_wconf 86' lang='lat' dir='ltr'>tibus</span> <span class='ocrx_word' id='word_1_122' title='bbox 393 1975 414 2005; x_wconf 88' lang='lat'>,</span> <span class='ocrx_word' id='word_1_123' title='bbox 443 1952 586 2012; x_wconf 86' lang='lat' dir='ltr'>quas</span> <span class='ocrx_word' id='word_1_124' title='bbox 625 1928 806 1993; x_wconf 79' lang='lat' dir='ltr'>secati</span> <span class='ocrx_word' id='word_1_125' title='bbox 828 1949 982 2011; x_wconf 87' lang='lat' dir='ltr'>opus</span> <span class='ocrx_word' id='word_1_126' title='bbox 1006 1930 1112 2002; x_wconf 83' lang='lat' dir='ltr'>sit,</span> <span class='ocrx_word' id='word_1_127' title='bbox 1141 1945 1239 1988; x_wconf 85' lang='lat' dir='ltr'>aut</span> <span class='ocrx_word' id='word_1_128' title='bbox 1261 1927 1429 1989; x_wconf 76' lang='lat' dir='ltr'>nidor</span> <span class='ocrx_word' id='word_1_129' title='bbox 1450 1946 1581 1990; x_wconf 75' lang='lat' dir='ltr'>cre·</span> 
     </span>
     <span class='ocr_line' id='line_1_22' title="bbox 210 2005 1577 2090; baseline -0.005 -14"><span class='ocrx_word' id='word_1_130' title='bbox 210 2015 391 2086; x_wconf 84' lang='lat' dir='ltr'>mati,</span> <span class='ocrx_word' id='word_1_131' title='bbox 423 2009 644 2073; x_wconf 86' lang='lat' dir='ltr'>sensum</span> <span class='ocrx_word' id='word_1_132' title='bbox 670 2030 911 2072; x_wconf 83' lang='lat' dir='ltr'>omnem</span> <span class='ocrx_word' id='word_1_133' title='bbox 943 2007 1191 2090; x_wconf 85' lang='lat' dir='ltr'>scalpelli</span> <span class='ocrx_word' id='word_1_134' title='bbox 1217 2005 1577 2078; x_wconf 81' lang='lat' dir='ltr'>aufert.San-</span> 
     </span>
     <span class='ocr_line' id='line_1_23' title="bbox 213 2088 1582 2177; baseline -0.003 -22"><span class='ocrx_word' id='word_1_135' title='bbox 213 2096 344 2177; x_wconf 82' lang='lat' dir='ltr'>guis</span> <span class='ocrx_word' id='word_1_136' title='bbox 367 2091 654 2174; x_wconf 87' lang='lat' dir='ltr'>utriusque</span> <span class='ocrx_word' id='word_1_137' title='bbox 686 2092 1000 2153; x_wconf 85' lang='lat' dir='ltr'>claritatem</span> <span class='ocrx_word' id='word_1_138' title='bbox 1024 2089 1182 2152; x_wconf 68' lang='lat' dir='ltr'>visus</span> <span class='ocrx_word' id='word_1_139' title='bbox 1207 2088 1449 2152; x_wconf 71' lang='lat' dir='ltr'>inunffis</span> <span class='ocrx_word' id='word_1_140' title='bbox 1474 2090 1582 2151; x_wconf 82' lang='lat' dir='ltr'>do-</span> 
     </span>
     <span class='ocr_line' id='line_1_24' title="bbox 215 2167 1578 2247; baseline -0.004 -13"><span class='ocrx_word' id='word_1_141' title='bbox 215 2191 354 2247; x_wconf 84' lang='lat' dir='ltr'>nat,</span> <span class='ocrx_word' id='word_1_142' title='bbox 383 2174 449 2234; x_wconf 85' lang='lat'>&amp;</span> <span class='ocrx_word' id='word_1_143' title='bbox 478 2173 768 2233; x_wconf 85' lang='lat' dir='ltr'>cicatrices</span> <span class='ocrx_word' id='word_1_144' title='bbox 798 2171 1105 2233; x_wconf 86' lang='lat' dir='ltr'>oculorum</span> <span class='ocrx_word' id='word_1_145' title='bbox 1126 2172 1410 2234; x_wconf 84' lang='lat' dir='ltr'>emendat.</span> <span class='ocrx_word' id='word_1_146' title='bbox 1429 2167 1578 2233; x_wconf 85' lang='lat' dir='ltr'>Cor-</span> 
     </span>
     <span class='ocr_line' id='line_1_25' title="bbox 214 2250 1582 2337; baseline -0.004 -22"><span class='ocrx_word' id='word_1_147' title='bbox 214 2276 329 2337; x_wconf 83' lang='lat' dir='ltr'>pus</span> <span class='ocrx_word' id='word_1_148' title='bbox 363 2251 549 2336; x_wconf 84' lang='lat' dir='ltr'>ipsum</span> <span class='ocrx_word' id='word_1_149' title='bbox 587 2270 832 2332; x_wconf 82' lang='lat' dir='ltr'>excepto</span> <span class='ocrx_word' id='word_1_150' title='bbox 858 2255 1043 2331; x_wconf 86' lang='lat' dir='ltr'>capite</span> <span class='ocrx_word' id='word_1_151' title='bbox 1065 2252 1451 2334; x_wconf 86' lang='lat' dir='ltr'>pedibusque,</span> <span class='ocrx_word' id='word_1_152' title='bbox 1475 2250 1582 2312; x_wconf 79' lang='lat' dir='ltr'>eli·</span> 
     </span>
     <span class='ocr_line' id='line_1_26' title="bbox 214 2331 1581 2412; baseline -0.004 -17"><span class='ocrx_word' id='word_1_153' title='bbox 214 2352 359 2395; x_wconf 82' lang='lat' dir='ltr'>xum</span> <span class='ocrx_word' id='word_1_154' title='bbox 394 2333 683 2394; x_wconf 73' lang='lat' dir='ltr'>manditur</span> <span class='ocrx_word' id='word_1_155' title='bbox 725 2331 1043 2393; x_wconf 82' lang='lat' dir='ltr'>ischiadicis</span> <span class='ocrx_word' id='word_1_156' title='bbox 1062 2375 1086 2405; x_wconf 87' lang='lat'>,</span> <span class='ocrx_word' id='word_1_157' title='bbox 1118 2335 1438 2412; x_wconf 84' lang='lat' dir='ltr'>tussimque</span> <span class='ocrx_word' id='word_1_158' title='bbox 1465 2349 1581 2393; x_wconf 73' lang='lat' dir='ltr'>ve-</span> 
     </span>
     <span class='ocr_line' id='line_1_27' title="bbox 217 2410 1585 2494; baseline -0.005 -18"><span class='ocrx_word' id='word_1_159' title='bbox 217 2430 409 2476; x_wconf 81' lang='lat' dir='ltr'>terem</span> <span class='ocrx_word' id='word_1_160' title='bbox 427 2412 580 2474; x_wconf 82' lang='lat' dir='ltr'>sanat</span> <span class='ocrx_word' id='word_1_161' title='bbox 596 2456 615 2487; x_wconf 93' lang='lat'>,</span> <span class='ocrx_word' id='word_1_162' title='bbox 635 2415 808 2493; x_wconf 81' lang='lat' dir='ltr'>praeci</span> <span class='ocrx_word' id='word_1_163' title='bbox 850 2415 921 2474; x_wconf 73' lang='lat' dir='ltr'>ue</span> <span class='ocrx_word' id='word_1_164' title='bbox 941 2416 1000 2472; x_wconf 82' lang='lat' dir='ltr'>in</span> <span class='ocrx_word' id='word_1_165' title='bbox 1031 2414 1221 2494; x_wconf 87' lang='lat' dir='ltr'>pueris</span> <span class='ocrx_word' id='word_1_166' title='bbox 1243 2433 1259 2472; x_wconf 76' lang='lat' dir='ltr'>t</span> <span class='ocrx_word' id='word_1_167' title='bbox 1284 2415 1425 2473; x_wconf 83' lang='lat' dir='ltr'>item</span> <span class='ocrx_word' id='word_1_168' title='bbox 1443 2410 1585 2470; x_wconf 81' lang='lat' dir='ltr'>luru-</span> 
     </span>
     <span class='ocr_line' id='line_1_28' title="bbox 212 2493 1582 2568; baseline -0.004 -12"><span class='ocrx_word' id='word_1_169' title='bbox 212 2495 434 2556; x_wconf 83' lang='lat' dir='ltr'>borum</span> <span class='ocrx_word' id='word_1_170' title='bbox 469 2494 725 2555; x_wconf 86' lang='lat' dir='ltr'>dolores.</span> <span class='ocrx_word' id='word_1_171' title='bbox 837 2493 1011 2553; x_wconf 84' lang='lat' dir='ltr'>abent</span> <span class='ocrx_word' id='word_1_172' title='bbox 1049 2495 1114 2555; x_wconf 88' lang='lat'>&amp;</span> <span class='ocrx_word' id='word_1_173' title='bbox 1154 2493 1246 2553; x_wconf 80' lang='lat' dir='ltr'>adi</span> <span class='ocrx_word' id='word_1_174' title='bbox 1292 2510 1429 2561; x_wconf 80' lang='lat' dir='ltr'>em,</span> <span class='ocrx_word' id='word_1_175' title='bbox 1459 2507 1582 2568; x_wconf 81' lang='lat' dir='ltr'>quo</span> 
     </span>
     <span class='ocr_line' id='line_1_29' title="bbox 215 2573 1587 2656; baseline -0.007 -20"><span class='ocrx_word' id='word_1_176' title='bbox 215 2574 400 2636; x_wconf 60' lang='lat' dir='ltr'>tacius</span> <span class='ocrx_word' id='word_1_177' title='bbox 455 2574 608 2656; x_wconf 87' lang='lat' dir='ltr'>pilus</span> <span class='ocrx_word' id='word_1_178' title='bbox 652 2573 877 2635; x_wconf 78' lang='lat' dir='ltr'>defluit.</span> <span class='ocrx_word' id='word_1_179' title='bbox 896 2573 1012 2633; x_wconf 89' lang='lat' dir='ltr'>Hic</span> <span class='ocrx_word' id='word_1_180' title='bbox 1041 2593 1221 2653; x_wconf 85' lang='lat' dir='ltr'>perun</span> <span class='ocrx_word' id='word_1_181' title='bbox 1277 2590 1346 2631; x_wconf 82' lang='lat' dir='ltr'>os</span> <span class='ocrx_word' id='word_1_182' title='bbox 1365 2613 1380 2636; x_wconf 89' lang='lat'><strong>,</strong></span> <span class='ocrx_word' id='word_1_183' title='bbox 1404 2587 1587 2627; x_wconf 64' lang='lat' dir='ltr'>acro-</span> 
     </span>
     <span class='ocr_line' id='line_1_30' title="bbox 215 2643 1590 2730; baseline -0.006 -14"><span class='ocrx_word' id='word_1_184' title='bbox 215 2646 427 2717; x_wconf 49' lang='lat' dir='ltr'>co‘dilis</span> <span class='ocrx_word' id='word_1_185' title='bbox 452 2671 642 2716; x_wconf 84' lang='lat' dir='ltr'>tuetur</span> <span class='ocrx_word' id='word_1_186' title='bbox 659 2698 680 2726; x_wconf 90' lang='lat'>,</span> <span class='ocrx_word' id='word_1_187' title='bbox 705 2650 1120 2730; x_wconf 81' lang='lat' dir='ltr'>instillaturque.</span> <span class='ocrx_word' id='word_1_188' title='bbox 1139 2643 1590 2711; x_wconf 70' lang='lat' dir='ltr'>morsibus-Cor</span> 
     </span>
     <span class='ocr_line' id='line_1_31' title="bbox 209 2726 1585 2814; baseline -0.007 -16"><span class='ocrx_word' id='word_1_189' title='bbox 209 2734 517 2798; x_wconf 76' lang='lat' dir='ltr'>adnexum</span> <span class='ocrx_word' id='word_1_190' title='bbox 553 2735 613 2795; x_wconf 81' lang='lat' dir='ltr'>in</span> <span class='ocrx_word' id='word_1_191' title='bbox 654 2732 785 2795; x_wconf 59' lang='lat' dir='ltr'>lana</span> <span class='ocrx_word' id='word_1_192' title='bbox 822 2734 952 2792; x_wconf 88' lang='lat' dir='ltr'>ovis</span> <span class='ocrx_word' id='word_1_193' title='bbox 989 2732 1165 2814; x_wconf 80' lang='lat' dir='ltr'>nigrae</span> <span class='ocrx_word' id='word_1_194' title='bbox 1193 2773 1216 2803; x_wconf 88' lang='lat'><strong>,</strong></span> <span class='ocrx_word' id='word_1_195' title='bbox 1263 2728 1360 2789; x_wconf 85' lang='lat' dir='ltr'>cui</span> <span class='ocrx_word' id='word_1_196' title='bbox 1401 2726 1585 2793; x_wconf 76' lang='lat' dir='ltr'>nullus</span> 
     </span>
     <span class='ocr_line' id='line_1_32' title="bbox 196 2808 1590 2909; baseline -0.005 -30"><span class='ocrx_word' id='word_1_197' title='bbox 196 2818 366 2909; x_wconf 37' lang='lat' dir='ltr'>‘alius</span> <span class='ocrx_word' id='word_1_198' title='bbox 402 2814 572 2877; x_wconf 86' lang='lat' dir='ltr'>color</span> <span class='ocrx_word' id='word_1_199' title='bbox 615 2808 986 2876; x_wconf 78' lang='lat' dir='ltr'>incursaverit</span> <span class='ocrx_word' id='word_1_200' title='bbox 1008 2854 1031 2886; x_wconf 88' lang='lat'>‚</span> <span class='ocrx_word' id='word_1_201' title='bbox 1086 2813 1150 2877; x_wconf 75' lang='grc' dir='ltr'>δι</span> <span class='ocrx_word' id='word_1_202' title='bbox 1191 2810 1387 2896; x_wconf 83' lang='lat' dir='ltr'>primo</span> <span class='ocrx_word' id='word_1_203' title='bbox 1420 2826 1590 2891; x_wconf 73' lang='lat' dir='ltr'>parm</span> 
     </span>
    </p>
   </div>
  </div>
 </body>
</html>
