2000 3600
394 270 491 339 H
495 288 589 341 ts
610 289 720 342 To
738 292 816 345 R.
855 273 1004 345 Lib.
1041 273 1343 347 xxvn.
1444 295 1530 370 93

137 404 289 458 rato.
326 386 652 451 Invenitur
689 395 750 450 in
788 393 1020 473 aquosis
1062 392 1331 454 collibus.
1365 392 1539 454 Radi-

138 492 239 531 ces
293 470 490 530 habet
532 469 673 530 duas
704 489 803 532 aut
848 490 1008 545 tres,
1045 473 1247 534 binum
1299 471 1534 535 cubito-

140 570 273 611 rum
304 551 377 609 in
410 549 752 624 altitudine,
772 551 1044 613 nervosas
1062 597 1083 626 ,
1101 553 1407 625 candidas,
1425 551 1532 614 fir-

137 652 285 691 mas.
316 628 798 692 Circumfuditur
816 649 1124 705 autumno,
1195 633 1390 695 raeciso
1408 633 1525 695 fru-

137 713 253 772 tice
300 711 415 770 dat
456 712 688 771 succum
787 715 969 772 ummi
1024 715 1150 773 simi
1174 734 1291 776 em.
1338 713 1524 776 Radix

138 794 290 854 mira
338 789 686 852 vulneribus
750 793 985 853 anandis
1019 793 1294 867 traditur,
1372 798 1527 855 raeci-

139 871 392 952 pue'que
414 873 627 932 nervis
666 873 764 932 vel
805 875 1057 954 praecisis
1105 874 1265 937 inita.
1392 892 1526 936 eco-

146 950 306 1012 &um
344 971 590 1034 quoque
625 949 747 1031 ejus
784 973 916 1012 cum
951 953 1127 1013 melle
1173 969 1377 1033 potum
1416 954 1530 1015 dis-

145 1031 482 1092 solutiones
528 1052 846 1093 nervorum
869 1077 891 1110 ,
925 1031 1375 1094 &infirmitates
1394 1077 1413 1104 ,
1464 1035 1532 1097 &-

145 1109 434 1174 incisuras
468 1109 646 1187 juvat.
990 1125 995 1130 ’

232 1190 424 1253 XCV
428 1189 530 1253 111.
556 1191 920 1275 Phalangites
934 1239 956 1269 ,
975 1214 1009 1255 a
1109 1192 1364 1255 ibusdam
1381 1193 1529 1275 pha-

149 1273 399 1355 langion
445 1288 722 1341 vocatur,
764 1276 835 1335 ab
875 1277 996 1335 aliis
1066 1275 1520 1350 eucanthemon,

153 1355 254 1414 vel
295 1353 502 1436 (utin
540 1352 872 1434 quibusdam
906 1374 1074 1416 exem
1118 1355 1327 1416 laribus
1357 1358 1528 1420 inve-

150 1431 301 1514 nio)
342 1434 738 1496 leucacantha.
791 1434 1024 1497 Ramuli
1073 1377 1200 1495 Kint
1247 1438 1303 1497 ei
1353 1456 1523 1496 num-

156 1533 336 1654 anam
383 1515 689 1595 pauciores
730 1514 957 1577 duobus
974 1559 995 1587 ‚
1030 1517 1088 1575 in
1133 1514 1359 1577 diversa
1392 1533 1525 1578 ten-

201 1611 410 1676 eutes:
449 1594 559 1654 flos
589 1593 904 1657 candidus:
940 1596 1064 1656 lilio
1094 1595 1268 1657 rubro
1288 1597 1524 1671 similis,

160 1673 382 1735 semine
414 1677 582 1756 nigro
606 1716 628 1746 ‚
663 1674 815 1749 lato,
844 1676 918 1737 ad
944 1675 1230 1738 lenticulae
1271 1676 1524 1738 dimidia

162 1753 413 1838 figuram
430 1797 450 1827 ,
483 1753 667 1816 multo
686 1759 948 1834 tenuiore
964 1801 984 1831 ,
1004 1756 1192 1817 radice
1214 1759 1372 1818 tenui
1390 1758 1526 1818 her·

163 1836 330 1897 bacei
350 1835 588 1897 coloris.
607 1835 796 1918 Hujus
818 1837 1104 1911 folio,vel
1120 1837 1266 1896 flore
1285 1880 1305 1910 ,
1322 1838 1423 1898 vel
1443 1835 1528 1897 se·

165 1919 324 1978 mine
358 1916 692 1977 auxiliantur
722 1934 926 1978 contra
966 1915 1366 1996 scorpionum,
1385 1916 1529 2012 pha·

166 1997 608 2081 langiorumque
627 2039 651 2069 ‚
676 1999 743 2059 &
782 1997 1139 2078 serpentium
1177 1994 1318 2058 icius
1339 2017 1356 2057 ε
1381 2013 1524 2061 rtem

164 2096 372 2139 contra
402 2080 673 2138 tormina.
781 2126 797 2143 .
860 2088 863 2093 “

245 2155 475 2220 XCIX.
515 2157 842 2238 Phyteuma
884 2158 1053 2241 quale
1085 2160 1157 2220 sit
1173 2202 1193 2231 ,
1238 2156 1527 2222 describe-³

170 2256 234 2297 re
272 2238 690 2320 supervacuum
723 2238 945 2313 habeo,
979 2243 1111 2301 cum
1145 2241 1219 2301 sit
1246 2238 1375 2302 usus
1396 2239 1522 2322 ejus

171 2322 390 2379 nutum
423 2320 497 2378 ad
529 2321 825 2380 amatoria.
985 2368 993 2375 .
1255 2340 1258 2343 ·
1599 2378 1604 2381 .

252 2397 326 2459 C.
355 2397 610 2481 Phyuon
635 2420 672 2458 a
697 2396 916 2459 Graecis
973 2415 1214 2462 vocatur
1255 2400 1434 2462 herba
1461 2401 1525 2460 in

174 2475 385 2540 saxosis
430 2478 722 2540 montibus
738 2523 758 2552 ,
787 2478 1000 2539 femina
1038 2483 1215 2563 magis
1254 2480 1527 2547 herbacei

170 2559 422 2634 coloris,
449 2559 614 2620 caule
643 2559 839 2630 tenui,
862 2559 1056 2620 radice
1092 2560 1273 2639 parva
1300 2602 1321 2631 ,
1360 2558 1529 2637 semi<

171 2657 248 2697 ue
281 2639 536 2700 rotundo
554 2684 578 2712 ,
619 2640 896 2720 papaveri
931 2638 1122 2698 simili.
1154 2638 1298 2696 Haec
1334 2635 1418 2695 sui
1438 2633 1527 2697 se-

172 2716 277 2779 xus
315 2718 450 2780 facit
487 2735 720 2800 partus:
748 2735 931 2776 mares
973 2732 1166 2777 autem
1202 2735 1326 2775 mas
1361 2714 1538 2777 semi-'

170 2816 245 2857 ue
287 2801 518 2861 tantum
545 2796 816 2859 differens
832 2840 851 2869 ,
877 2797 1039 2880 quod
1084 2794 1166 2857 est
1205 2797 1527 2880 incipientis

168 2877 374 2946 olivae.
405 2876 738 2961 Utrumque
767 2877 975 2942 bibitur
1019 2881 1079 2941 in
1118 2878 1282 2944 vino.
