2000 3600
489 288 624 374 118
725 296 798 366 C·
834 296 1248 367 ‘lem't
1285 292 1708 367 Naro-12.

483 439 598 490 no,
617 414 886 476 articulos
918 415 1144 478 tantum
1175 412 1445 474 molliunt
1462 453 1483 484 ,
1501 410 1871 490 calfaciunt}

481 496 789 559 discutiunt
827 492 1156 555 efficacius:
1187 493 1288 553 sed
1318 494 1393 553 ad
1425 509 1617 554 cetera
1657 494 1872 554 minias

483 577 703 638 valent.
741 574 983 637 Excedit
1004 573 1186 635 fidem
1204 573 1512 656 impudens
1540 593 1710 648 cura,
1735 573 1869 713 3:¹1²

481 656 680 719 sordes
715 656 1004 717 virilitatis
1043 673 1244 716 contra
1295 652 1665 749 scorpionum
1708 656 1731 713 i
1811 671 1868 714 ‘s

468 736 781 820 *singularis
789 738 1033 799 remedii
1046 781 1065 810 ,
1079 735 1438 798 celeberrinu
1456 732 1717 795 auEiores
1743 734 1870 795 cla-

481 835 665 882 mant.
702 817 917 879 Rursus
950 820 1013 877 in
1041 816 1270 878 feminis
1297 860 1319 891 ‚
1360 836 1500 899 quas
1545 814 1865 876 infantium

482 900 625 964 alvo
655 899 838 959 editas
876 901 942 958 in
975 915 1145 959 utero
1190 895 1316 979 ipso
1336 939 1357 968 ‚
1396 912 1600 957 contra
1635 894 1861 956 sterili-

480 996 667 1042 tatem
707 979 873 1040 subdi
912 977 1146 1039 censent
1180 1000 1196 1040 ε
1237 979 1574 1039 meconium
1608 993 1860 1038 vocant.

484 1059 679 1122 Immo
717 1061 894 1127 etiam
919 1059 1075 1143 ipsos
1093 1061 1533 1142 gymnasiorum
1547 1054 1741 1118 rasere

485 1144 697 1206 rietes:
735 1141 800 1203 &
840 1140 954 1200 illae
995 1160 1232 1222 quoque
1269 1138 1465 1200 sordes
1508 1136 1732 1198 excalfa
1765 1158 1861 1222 ‘o-

482 1223 630 1283 riam
660 1221 787 1282 vim
824 1219 1037 1280 habere
1069 1220 1628 1301 fdicunture‘panos'
1660 1217 1858 1278 discu-

478 1304 651 1363 tiunt.
685 1299 992 1361 Ulceribus
1029 1298 1228 1361 senum
1261 1318 1693 1382 puerorumque
1717 1343 1740 1374 ,
1788 1300 1857 1364 &

481 1378 866 1457 desquamatis
897 1379 1240 1443 ambustisve
1272 1381 1585 1442 illinuntur.
1759 1379 1766 1384 ’

486 1503 492 1508 -
565 1458 734 1522 XIV.
770 1459 861 1521 Εὸ
900 1464 1091 1523 minus
1115 1464 1311 1523 omitti
1335 1462 1613 1524 convenit
1631 1461 1709 1523 ab
1729 1461 1855 1522 ani·

483 1561 589 1604 mo
629 1543 879 1603 hominis
912 1543 1235 1625 pendentes
1282 1544 1616 1604 medicinas.
1646 1540 1855 1603 Absti-

484 1643 629 1683 nere
670 1623 806 1685 cibo
834 1626 1030 1697 omni,
1050 1640 1148 1684 aut
1223 1640 1327 1684 otu
1346 1669 1366 1699 ‚
1395 1622 1531 1685 alias
1547 1624 1695 1685 vino
1720 1639 1851 1684 tan·

485 1704 616 1765 tum
649 1711 747 1766 arft
772 1724 979 1779 carne,
1015 1704 1152 1768 alias
1180 1645 1433 1766 {alineis
1452 1750 1476 1778 ,
1516 1704 1653 1765 cum
1706 1701 1851 1788 quid

482 1805 697 1846 eorum
740 1783 996 1866 postulet
1025 1782 1349 1860 valetudo,
1382 1788 1442 1846 in
1469 1782 1850 1868 praesentissi-

487 1868 601 1927 mis
633 1867 902 1929 remediis
930 1867 1187 1929 habetur.
1223 1867 1333 1928 His
1370 1866 1643 1928 remediis
1669 1867 1849 1928 adnu-

487 1965 742 2007 meratur
759 1951 1091 2010 exercitatio
1107 1993 1128 2022 ,
1145 1949 1389 2010 intentio
1407 1949 1571 2011 vocis
1582 1992 1606 2020 ,
1632 1947 1844 2032 ungui,

483 2024 680 2086 fricari
722 2048 858 2086 cum
893 2032 1137 2090 ratione.
1177 2029 1516 2090 Vehemens
1559 2029 1721 2089 enim
1752 2026 1846 2089 fri·

483 2106 639 2166 catio
661 2103 869 2187 spissat,
893 2108 1040 2168 lenis
1057 2108 1245 2169 mollit
1259 2131 1281 2168 τ
1304 2109 1483 2170 multa
1497 2106 1704 2170 adimit
1724 2129 1846 2171 cor-

483 2204 633 2266 pus,
672 2206 745 2244 au
785 2201 844 2245 et
884 2187 1150 2253 modicae
1179 2188 1248 2249 In
1278 2192 1474 2272 primis
1509 2190 1656 2252 verb
1704 2209 1844 2272 pro-

479 2262 611 2327 dest
788 2265 964 2328 ulatio
993 2309 1015 2340 ‚
1112 2266 1310 2330 estatio
1351 2270 1417 2331 &.
1472 2289 1545 2331 ea
1584 2270 1840 2352 pluribus
1877 2324 1880 2327 .

479 2343 695 2407 modis.
718 2345 1011 2428 Equitatio
1102 2352 1352 2413 omacho
1376 2352 1442 2414 &
1468 2353 1634 2412 coxis
1662 2353 1840 2414 utilis-

483 2427 667 2487 sima:
707 2427 927 2508 phthisi
953 2428 1275 2513 navigatio:
1303 2431 1491 2515 longis
1514 2431 1740 2495 morbis
1759 2433 1839 2494 lo·

482 2525 694 2569 corum
720 2511 980 2573 mutatio.
1024 2509 1177 2572 Item
1211 2509 1417 2574 somno
1443 2511 1666 2574 mederi
1699 2512 1833 2586 sibi,

480 2605 585 2649 aut
612 2586 822 2652 leaulo
841 2634 862 2664 ,
896 2608 995 2654 aut
1012 2592 1137 2654 rara
1150 2594 1495 2656 vomitione.
1513 2591 1722 2676 Supini
1743 2614 1837 2658 cu·

486 2669 641 2730 bitus
671 2672 854 2732 oculis
874 2674 1234 2748 conducunt,
1270 2692 1328 2737 at
1354 2676 1522 2757 proni
1552 2674 1835 2746 tussibus,

486 2766 551 2802 m
574 2745 747 2810 latera
779 2752 1088 2817 adversum
1110 2754 1537 2821 destillationes.
1557 2753 1834 2818 Aristote-

474 2822 576 2886 les
616 2828 682 2891 δε
710 2830 990 2901 Fabianus
1035 2834 1347 2915 plurimum
1381 2833 1649 2905 somniari
1686 2838 1834 2900 circa
