2000 3600
428 268 879 341 „Hm-ron.
902 269 1046 341 Lib.
1070 262 1343 343 XXVI.
1450 276 1562 369 ἰᾷ,
1647 271 1654 279 ’

176 394 312 451 n‘em
353 385 515 448 sistit.
549 384 755 450 Altera
809 387 893 451 est
939 388 1248 471 anthyllis,
1287 389 1544 451 chamae-

177 473 379 553 pityos
399 469 635 542 similis,
672 469 819 531 flore
848 488 1176 553 purpureo,
1199 470 1392 533 odore
1415 492 1543 556 gra-⁸

174 554 239 615 vi
258 595 278 625 ,
314 550 505 611 radice
549 550 750 613 intubi.

184 672 191 683 ·
254 629 381 691 LII.
414 630 533 691 Vel
558 633 739 712 magis
773 630 1042 691 medetur
1075 653 1306 714 cepaea‚
1335 631 1537 694 similis

170 712 479 795 porcilacae
497 757 515 785 ‚
538 713 788 793 nigriore
808 712 1000 772 radice
1014 757 1036 784 ,
1056 710 1156 772 sed
1172 714 1388 785 inutili,
1414 712 1539 773 nafi-

173 813 310 854 cens
334 794 397 851 in
426 793 690 852 litoribus
725 796 1024 866 arenosis,·
1044 792 1206 875 gustu
1233 815 1439 854 amara.
1466 792 1542 854 In'

171 876 314 935 vino
338 893 479 1013 Ἕω
501 871 754 955 asparagi
773 868 965 934 radice
984 875 1197 934 vesicae
1225 874 1538 956 plurimiun

216 955 362 1014 rode
416 996 433 1014 .
1510 962 1532 1015 ,’
1645 1010 1650 1015 .

174 976 215 1037 P
264 1033 420 1095 LIII.
464 1031 689 1092 Eadem
712 1028 935 1113 ptaesta't
968 1034 1295 1115 hypericon
1317 1076 1337 1105 ‚
1370 1053 1541 1115 quam

89 1116 94 1119 ⁷
177 1114 275 1175 alii
326 1115 719 1194 chamaepytin
739 1158 761 1185 ,
814 1112 908 1173 alii
951 1118 1154 1174 corion
1211 1114 1541 1196 appellant,

176 1196 449 1256 oleraceo
472 1194 681 1253 frutice
703 1238 722 1265 ‚
748 1196 904 1255 tenui
923 1239 943 1268 ‚
968 1196 1234 1268 cubitali,
1261 1196 1539 1267 rubente,¹

173 1275 324 1337 folio
368 1291 546 1347 rutae,
579 1275 763 1334 odore
803 1277 955 1347 acri,
988 1274 1205 1336 semine
1238 1278 1299 1334 in
1337 1276 1544 1357 siliqua

174 1359 344 1439 nigro
366 1401 388 1430 ,
427 1354 843 1416 maturescente
881 1377 1014 1415 cum
1053 1357 1296 1417 horde0.
1325 1356 1546 1418 Natura

171 1438 379 1498 {emini
413 1434 704 1518 spiss'andi:
727 1435 920 1496 alvum
945 1436 1120 1515 sistit:
1148 1439 1372 1499 urinam
1393 1439 1543 1499 ciete

174 1520 393 1582 vesicae
429 1537 566 1576 cum
604 1519 745 1577 vino
784 1515 1019 1578 bibitur.
1074 1562 1084 1575 .
1393 1559 1402 1573 .

255 1596 419 1658 LIV.
443 1595 542 1657 Est
557 1597 713 1656 aliud
733 1597 1057 1679 hypericon
1074 1640 1094 1672 ‚
1121 1597 1282 1681 quod
1319 1598 1416 1657 alii
1439 1617 1544 1657 co-

174 1680 267 1739 rin
307 1678 633 1759 appellant,
673 1676 817 1737 folio
859 1681 1140 1738 tamaricis
1163 1724 1181 1751 ,
1225 1681 1291 1741 δι
1328 1677 1429 1739 sub
1472 1676 1545 1739 ea

174 1757 459 1832 nascitur,
500 1756 596 1820 sed
633 1759 1027 1841 pinguioribus
1062 1757 1217 1820 foliis
1258 1761 1324 1821 &
1353 1759 1544 1819 minim

174 1840 556 1912 rubentibuS,
580 1840 924 1911 odoratum,
957 1839 1157 1921 palmo
1191 1838 1392 1911 altius»,
1427 1836 1545 1897 sua·

173 1941 257 1982 ve
281 1963 302 1993 ‚
337 1922 542 1981 leniter
570 1938 820 1981 acutum.
847 1918 959 1977 Vis
990 1919 1191 1979 semini
1216 1916 1548 1980 excalfasto·
1626 1925 1629 1929 ’

174 2004 300 2061 ria:
329 2002 398 2063 &
423 2001 559 2061 ideo
586 2001 947 2060 inflationem
991 1997 1167 2062 facit:
1192 1997 1292 2060 sed
1333 1998 1548 2061 stoma-

175 2083 301 2142 cho
342 2103 466 2142 non
496 2081 695 2142 inutile
731 2095 747 2142 ε
785 2082 1136 2162 praecipuum
1180 2082 1251 2141 ad
1292 2079 1551 2221 stranffiu-

175 2164 365 2236 ciani,
403 2164 452 2223 si
490 2162 813 2222 exulcerata
849 2182 971 2221 non
997 2165 1073 2221 sit
1095 2162 1305 2222 vesica.
1333 2161 1439 2221 Me
1483 2163 1562 2223 ei

180 2257 280 2303 tur
316 2246 382 2305 &
466 2243 844 2303 leutiticis'ex
873 2243 1017 2303 vino
1055 2261 1281 2322 potum.

259 2322 391 2384 LV.
492 2326 661 2384 esicae
684 2339 879 2382 autem
914 2322 1198 2382 callithrix
1223 2323 1353 2382 trita
1373 2321 1545 2383 simul

173 2423 317 2465 cum
354 2406 589 2465 cumino
611 2447 632 2477 ‚
660 2405 727 2466 &
749 2404 880 2462 data
915 2424 991 2464 ex
1025 2405 1167 2465 vino
1198 2402 1353 2463 albo.
1389 2401 1548 2461 Ver-

175 2484 403 2545 benaca
503 2505 662 2566 oque
700 2503 834 2543 cum
865 2481 1015 2543 foliis
1055 2482 1295 2543 decofia
1324 2481 1399 2542 ad
1435 2496 1551 2539 ter·

178 2565 333 2636 tias,
365 2506 675 2626 vgiuradix
700 2562 824 2646 ejus
848 2583 881 2625 e
909 2561 1095 2627 mulso
1134 2563 1328 2624 calido
1368 2559 1555 2620 calcu·

179 2644 288 2706 los
330 2641 498 2724 ejicit.
888 2683 895 2690 ι
1555 2649 1560 2650 ’

265 2723 417 2786 Item
454 2721 787 2808 perpress'a,
819 2742 949 2805 quae
993 2719 1188 2794 Aretii
1214 2721 1279 2783 δι
1311 2720 1369 2781 in
1406 2717 1554 2803 Illy-a

176 2807 312 2900 rico
344 2807 595 2874 nascitur
612 2850 634 2883 ,
674 2826 736 2867 m
762 2803 911 2889 aqua
937 2802 1232 2948 ἀεεοᾶαὲ
1249 2803 1430 2898 tribus
1454 2802 1552 2865 he-

1259 2904 1316 2965 ιι]
