2000 3600
492 220 631 312 146
726 170 1643 304 .C.P1;11vr1·NAwn.
1769 259 1798 285 ..

479 341 541 422 pi
581 340 702 402 laus
740 333 859 411 est,
881 335 983 398 sed
1026 336 1274 398 maxime
1315 334 1517 410 suillo,
1554 336 1704 420 apud
1740 345 1859 401 aa&

473 423 665 500 tiques
701 420 876 478 etiam
912 418 1256 500 religiosius.
1297 416 1478 479 Certe
1503 439 1672 480 novae
1692 439 1855 501 nup·

478 517 558 563 tae
612 500 918 570 intranteS,
954 502 1271 565 etiamnum
1316 498 1597 561 sollemne
1629 499 1855 562 habent

476 577 671 662 postes
711 597 786 641 eo
837 581 1137 662 attingere.
1194 578 1560 640 Inveteratur
1612 580 1848 642 duobus

472 661 699 733 modis,
737 676 834 721 aut
870 680 1005 720 cum
1041 659 1193 733 sale',
1226 677 1323 721 aut
1360 662 1845 724 sincerusttantb

474 741 677 802 utilior
702 782 724 813 ,
779 743 996 823 quanto
1040 742 1112 801 sit
1162 738 1461 802 vetustior.
1508 740 1846 823 Axungiam

472 818 669 884 Graeci
712 823 887 883 etiam
926 822 1295 903 appellavere
1326 820 1443 901 jam
1476 822 1537 882 in
1577 822 1843 884 volumi-

476 902 647 963 nibus
682 899 812 962 suis·
857 900 1070 983 Neque
1103 899 1185 963 est
1219 903 1444 963 occulta
1469 903 1681 964 virium
1704 924 1844 964 cau·

477 982 570 1057 sa,
612 985 889 1065 quoniam
923 983 986 1043 id
1025 983 1229 1044 animal
1271 982 1583 1043 herbarum
1624 983 1838 1044 radici-

475 1065 586 1128 b'us
626 1062 894 1128 vescitur.
935 1063 1136 1146 Itaque
1180 1065 1351 1124 etiam
1387 1060 1531 1123 fimo
1564 1066 1838 1139 innume·-

477 1146 526 1204 r-i
573 1142 722 1204 usus.
769 1142 1180 1221 Quamobrem
1210 1151 1333 1205 non
1383 1144 1459 1203 de
1494 1143 1606 1205 alia
1644 1143 1840 1227 loqui·

476 1244 605 1286 mur
641 1221 773 1283 sue:
806 1224 989 1284 multo
1034 1221 1322 1285 efficacior
1353 1221 1438 1284 est
1479 1222 1738 1301 femina,
1767 1227 1835 1288 δε

477 1323 606 1384 quae
645 1323 767 1363 non
807 1304 1057 1385 peperit.
1088 1302 1286 1365 Multb
1302 1306 1449 1367 verb
1477 1304 1835 1387 praestantior

474 1386 535 1444 in
581 1404 612 1442 a
656 1385 731 1444 ris
783 1381 884 1443 est.
925 1382 1080 1445 Usus
1106 1386 1287 1467 igitur
1332 1387 1592 1467 axungiae
1638 1383 1724 1446 est
1758 1385 1834 1447 ad

479 1483 616 1524 emo
641 1462 831 1524 lienda
858 1507 881 1536 ‚
927 1462 1349 1526 excalfacienda
1370 1510 1391 1539 ‚
1441 1464 1797 1527 discutienda
1813 1512 1837 1542 ,

472 1544 764 1627 purganda
806 1546 898 1605 ue.
937 1544 1308 1607 Medicorum
1352 1546 1423 1606 ali
1465 1548 1525 1608 ui
1574 1547 1834 1610 admixto

470 1623 680 1687 anseris
727 1567 942 1706 adipe,
983 1641 1395 1707 taurorumque
1449 1633 1565 1687 evo
1592 1629 1657 1689 ὅ(
1679 1626 1834 1711 oesy-

472 1726 592 1787 po,
634 1706 708 1766 ad
745 1706 1028 1789 podagras
1063 1709 1149 1768 uti
1185 1706 1408 1786 jubent.
1446 1705 1508 1767 Si
1539 1708 1689 1770 verb
1708 1730 1839 1790 per·

473 1804 672 1850 manet
713 1786 884 1850 dolor
904 1834 926 1865 ,
963 1809 1098 1850 cum
1134 1788 1310 1865 cera,
1342 1805 1576 1871 myrto,
1605 1793 1835 1866 resin&

474 1870 628 1951 pice.
682 1867 919 1931 Sincera
968 1872 1212 1952 axungia
1249 1869 1518 1930 medetur
1557 1871 1834 1933 ambustis

471 1949 573 2009 vel
610 1952 785 2011 nivet
813 1950 1192 2030 pernionibus
1221 1966 1419 2011 autem
1462 1970 1597 2011 cum
1625 1951 1832 2014 hordei

468 2029 667 2088 cinere
689 2030 755 2091 &
784 2030 935 2110 galla
959 2033 1082 2111 pari
1117 2031 1324 2093 modo.
1346 2029 1587 2095 Prodest
1604 2032 1670 2094 &
1689 2055 1833 2095 con·

467 2105 684 2167 fricatis
722 2110 998 2169 membris
1019 2154 1040 2183 ‚
1061 2111 1448 2195 itinerumque
1470 2113 1830 2176 lassitudines

471 2187 539 2248 δι
572 2185 935 2275 fatigationes
969 2190 1148 2253 levat.
1188 2192 1289 2253 Ad
1325 2195 1528 2254 tussim
1558 2210 1830 2258 veterem

469 2288 672 2339 recens
720 2269 1065 2352 decoquitur
1109 2273 1437 2354 quadrantis
1460 2275 1737 2356 pondere
1768 2280 1829 2338 in

468 2350 590 2412 vini
633 2350 860 2432 cyathis
905 2351 1088 2412 tribus
1135 2354 1333 2415 addito
1384 2357 1580 2418 melle.
1636 2354 1830 2419 Vetus

468 2431 641 2492 etiam
692 2431 942 2511 phthisin
985 2435 1047 2492 in
1109 2435 1312 2515 pilulis¹
1351 2434 1580 2519 sumpta
1629 2433 1829 2515 sanat,'

463 2519 594 2594 quae
643 2512 767 2575 sine
827 2510 940 2574 sale
1004 2514 1323 2577 inveterata
1385 2515 1486 2578 est.
1554 2515 1830 2582 Omnino·

463 2596 631 2654 enim.
662 2615 780 2655 non
822 2596 932 2656 nisi
964 2595 1043 2656 ad
1091 2617 1159 2656 ea
1234 2618 1324 2658 uae
1362 2599 1657 2680 purganda
1680 2603 1822 2673 sint,

457 2689 558 2731 aut
681 2696 731 2734 ae
773 2696 891 2737 non
936 2678 1051 2738 sint
1091 2697 1201 2738 exu
1229 2694 1448 2746 cerata,
1481 2677 1618 2741 salsa
1665 2683 1826 2764 peti-

458 2764 573 2814 tur.
602 2696 877 2837 (haidem
908 2758 1251 2838 quadrantes
1283 2758 1543 2843 axungiae
1578 2762 1646 2828 δι
1668 2763 1822 2838 inuh

698 2876 735 2890 5-
