2000 3600
400 250 803 329 Hlsron.
852 257 996 331 Lib.
1041 254 1307 332 XXVI.
1420 281 1505 359 45

147 377 457 459 ephedron
482 423 501 451 ,
535 377 629 436 alii
662 377 929 437 anabasin
970 396 1197 440 vocant.
1232 376 1520 441 Tradunt·

234 481 264 519 e
287 458 450 539 juxta
473 459 704 517 arbores
729 457 875 517 nasci
892 502 912 532 ‚
942 460 1006 521 &
1026 459 1389 521 scandentem
1415 479 1516 522 eas
1536 508 1556 527 ,

148 478 490 621 ἕξρεηάετε
530 540 717 598 comis
755 537 975 618 junceis
1003 541 1196 600 multis
1223 544 1425 623 nigris,
1450 550 1516 602 ut

148 618 237 680 est
279 639 570 700 equorum
621 618 836 692 cauda,
876 620 1206 700 geniculatis
1243 622 1513 695 ramulis,
1603 661 1614 671 ·

147 699 290 761 folia
328 700 543 759 habere
568 720 747 779 pauca
766 742 786 771 ,
809 701 1032 771 tenuia,
1059 701 1276 782 exigua.
1302 699 1514 762 Semen

147 780 505 852 rotundum,
542 778 728 838 simile
756 779 1094 852 coriandi-0,
1123 778 1309 840 radice
1327 781 1516 863 ligno-,-

149 861 259 921 sa:
296 859 452 919 ‘nasci
468 862 527 917 in
554 858 790 919 arbustis
823 860 1089 919 maxime.
1115 860 1222 919 Vis
1247 859 1369 938 ejus
1393 860 1519 942 spis·

153 939 280 1000 sare
316 960 584 1020 corpora.
642 938 854 999 Succus
919 938 1249 1021 sanguinem
1292 960 1323 1001 e
1363 944 1519 1016 nari-

150 1022 270 1082 bus
311 1021 590 1080 fluentem
621 1018 866 1079 inclusus
899 1018 1076 1079 sistit:
1118 1023 1256 1079 item
1301 1020 1525 1089 alvum.

156 1100 442 1162 Medetur
480 1098 856 1180 dysentericis
879 1101 936 1158 in
957 1103 1097 1159 vino
1137 1101 1319 1171 dulci,
1346 1119 1519 1182 potus

154 1202 194 1242 c
279 1182 389 1241 this
425 1182 628 1240 tribuS.
667 1181 906 1240 Urinam
951 1182 1067 1241 ciet
1092 1203 1106 1241 τ
1134 1184 1331 1241 tussim
1355 1227 1377 1254 ,
1423 1204 1523 1243 or-

154 1279 184 1323 t
227 1282 505 1343 opnoeam
539 1260 728 1320 sanat:
768 1264 909 1320 item
945 1279 1140 1341 rupta,
1169 1263 1232 1324 &
1306 1284 1390 1335 uae
1411 1262 1519 1324 ser·

200 1360 323 1402 unt.
375 1339 656 1402 intestinis
695 1342 994 1421 &tvesicae
1037 1340 1176 1401 folia
1227 1342 1288 1402 bi
1331 1360 1520 1405 untur.

251 1422 574 1483 terocelem
594 1421 845 1481 cohibet.
864 1413 1097 1481 Faciunt
1121 1425 1183 1484 &
1206 1423 1371 1483 aliam
1397 1425 1525 1505 hip-

103 1556 109 1562 .
153 1506 372 1588 purin,
396 1502 765 1563 brevioribus
802 1504 867 1562 &
903 1502 1261 1563 mollioribus
1298 1509 1521 1580 comis,

156 1582 738 1663 candidioribusque,
768 1603 1042 1663 perquam
1091 1583 1291 1643 utilem
1326 1585 1528 1644 isc-hia·-

159 1666 309 1726 dicis
329 1709 350 1739 ‚
388 1664 451 1725 &
485 1663 821 1724 vulneribus
856 1684 928 1722 ex
962 1679 1127 1723 aceto
1154 1666 1526 1744 impositam,

160 1764 412 1830 propter
453 1741 783 1826 sanguinem
825 1742 1157 1805 sistendum.

166 1871 175 1879 ⁴
246 1825 322 1886 Et
350 1826 663 1907 nymphaea
682 1828 809 1884 trita
833 1825 1017 1905 plagis
1038 1823 1369 1903 imponitur.
1392 1823 1536 1885 Peu-

162 1907 458 1966 cedanum
510 1927 643 1965 cum
698 1904 916 1965 semine
969 1905 1223 1983 cupressi
1265 1903 1477 1965 bibitur
1509 1949 1531 1980 ,

164 1987 221 2046 si
254 1986 480 2067 sanguis
515 1983 619 2066 per
651 2005 718 2044 os
751 1984 1008 2043 redditus
1032 1982 1148 2057 est,
1182 1984 1420 2046 fluxitve
1456 1988 1530 2048 ab

162 2066 431 2128 infernis.
471 2064 728 2125 Sidet-iris
776 2081 986 2124 tantam
1050 2067 1171 2126 vim
1209 2066 1381 2126 habet
1405 2110 1425 2141 ,
1462 2085 1529 2128 ut

164 2149 441 2229 quamvis
472 2149 691 2207 recenti
731 2146 1057 2227 gladiatoris
1096 2147 1322 2206 vulneri
1349 2148 1429 2206 illi
1500 2181 1529 2196 -

167 2244 272 2300 ta,
309 2228 641 2309 sanguinem
682 2227 908 2288 claudat
940 2248 956 2286 :
996 2226 1155 2306 quod
1189 2226 1325 2287 facit
1356 2167 1474 2288 8εῇ
1503 2259 1531 2275 ·

168 2310 314 2369 rulae
351 2311 532 2381 cinis,
565 2307 667 2369 vel
704 2307 915 2367 carbo:
952 2306 1054 2366 fun
1095 2328 1160 2366 us
1179 2308 1530 2383 verbetiam

171 2387 465 2451 efficacius
485 2433 506 2464 ,
536 2390 639 2470 qui
659 2387 970 2448 secundum
991 2326 1244 2450 radicem
1267 2385 1390 2467 ejus
1407 2386 1535 2447 nas-

170 2471 342 2531 citur.
826 2484 831 2488 ·
1015 2481 1026 2494 '
1225 2483 1234 2490 ’
1471 2499 1480 2504 0

174 2603 187 2610 -
259 2547 593 2609 LXXXIV.
624 2548 734 2610 Per
766 2569 928 2610 nares
970 2562 1161 2608 autem
1193 2546 1395 2607 fluenti
1417 2587 1438 2615 ‚
1471 2544 1537 2605 δε

128 2626 133 2632 ’
172 2632 387 2691 cicutae
405 2629 602 2691 semen
629 2629 828 2689 tritum
853 2647 924 2686 ex
950 2628 1103 2707 aqua
1132 2626 1496 2704 inditumque
1514 2667 1536 2698 ,

174 2708 392 2772 efficax
443 2710 689 2771 habetur
716 2730 731 2769 ε
763 2709 904 2766 icem
961 2703 1404 2786 stephanomelis
1463 2725 1538 2808 ei}

178 2793 345 2874 aqua.
384 2790 723 2867 Vettonica:
758 2787 936 2852 farina
954 2807 988 2853 e
1012 2785 1153 2851 Ιαᾶε
1175 2786 1407 2871 caprino
1429 2805 1540 2867 poa
