2000 3600
462 264 560 358 '48
711 266 783 336 C.
848 262 1196 351 ΡιιΝιι
1248 258 1629 330 Natum

465 388 547 450 lo.
594 374 860 446 Proxime
920 374 1509 463 pseudodifiiamnum.
1557 372 1827 458 Utraque

462 472 633 528 etiam
670 465 1106 546 suppurationes
1141 457 1387 521 discutit.
1434 456 1827 518 Aristolochia

462 566 698 628 quoque
736 546 918 626 putria
969 541 1162 601 ulcera
1209 538 1406 599 exest:
1447 537 1676 598 sordida
1716 555 1831 597 ex-

459 645 665 724 purgat
704 645 839 684 cum
888 624 1098 695 melle,
1137 619 1478 700 vermesque
1531 618 1773 677 extrahit
1797 639 1817 680 ε

463 722 603 768 rtem
638 706 836 766 clavos
860 707 920 763 in
944 704 1136 763 ulcere
1174 717 1367 773 natos,
1390 697 1648 760 &infixa
1688 718 1825 758 cor-

456 788 589 869 pori
607 788 804 846 omnia
822 830 838 855 ‚
867 787 1038 866 praeci
1085 784 1152 841 ue
1175 780 1397 863 sagittas
1423 823 1442 851 ‚
1472 781 1535 841 &
1564 776 1684 838 ossa
1710 778 1825 840 fra-

460 866 549 927 &a
585 888 718 928 cum
761 867 968 924 resina.
1098 881 1175 921 va
1222 861 1362 920 verb
1392 861 1587 919 ulcera
1623 859 1823 941 explet

456 968 565 1031 per
604 947 683 1008 se.
713 945 788 1006 Et
819 966 952 1004 cum
989 944 1136 1002 iride
1174 942 1422 1001 recentia
1462 941 1703 1000 vulnera
1744 959 1822 1001 ex

458 1046 649 1090 aceto.
679 1027 898 1088 Vetera
920 1025 1116 1085 ulcera
1153 1021 1508 1092 verbenaca,
1539 1023 1823 1102 quinque-

461 1109 666 1171 folium
700 1128 833 1168 cum
871 1105 980 1166 sale
1018 1109 1082 1167 &
1117 1103 1309 1163 melle.
1348 1101 1596 1163 Radices
1627 1100 1827 1182 perso-

461 1190 623 1258 latae,
663 1186 997 1249 vulneribus
1051 1183 1209 1243 ferro
1265 1184 1434 1243 illatis
1493 1183 1822 1244 recentibus

458 1272 870 1350 imponuntur:
897 1265 1039 1326 folia
1078 1265 1390 1325 veteribus,
1434 1259 1591 1323 Cum
1637 1283 1822 1322 axun-

462 1350 556 1432 gia
589 1366 930 1430 utrumque:
970 1346 1039 1407 &
1073 1342 1175 1404 suo
1208 1342 1353 1404 folio
1390 1347 1663 1426 operitur.
1687 1342 1824 1404 Da·-

460 1428 813 1501 masonium,
850 1445 914 1488 ut
948 1429 1009 1486 in
1034 1423 1279 1485 strumae
1309 1422 1448 1486 folia
1463 1422 1722 1484 verbasci
1742 1442 1821 1485 ex

461 1528 631 1570 aceto
677 1527 774 1569 aut
804 1510 964 1569 vino.
1020 1504 1365 1566 Peristereos
1393 1506 1464 1565 ad
1496 1508 1695 1565 omnia
1714 1525 1825 1588 ge-

461 1611 646 1663 nera,
706 1589 804 1650 vel
845 1585 1190 1648 callosorum
1251 1585 1824 1668 putrescentiumque

459 1670 720 1732 ulcerum
752 1669 907 1728 facit.
950 1667 1245 1727 Manantia
1287 1666 1612 1748 nymphaeae
1651 1667 1827 1726 hera-

462 1753 590 1816 cliae
617 1751 774 1812 radix
800 1748 978 1810 sanat.
1018 1749 1167 1809 Item
1200 1748 1508 1828 cyclamini
1536 1747 1693 1807 radix
1719 1747 1826 1809 vel

461 1856 570 1917 per
611 1831 670 1893 se
692 1879 711 1909 ,
748 1833 852 1894 vel
882 1852 953 1892 ex
986 1849 1182 1902 aceto,
1203 1831 1299 1888 vel
1328 1850 1460 1888 cum
1481 1829 1677 1888 melle.
1706 1828 1829 1889 Ea-

462 1915 600 1974 dem
637 1916 698 1973 &
735 1931 935 1974 contra
957 1909 1291 1971 steatomata
1321 1907 1554 1980 efficax,
1579 1911 1727 1968 sicut
1746 1909 1827 1973 ad

459 1994 656 2053 ulcera
692 1996 977 2051 manantia
1020 1989 1364 2072 hyssopum:
1411 1992 1551 2050 item
1595 2009 1827 2070 peuce-

462 2073 708 2143 danum,
741 2074 832 2131 cui
863 2071 936 2130 ad
961 2074 1215 2130 recentia
1251 2070 1486 2131 vulnera
1535 2073 1626 2130 vis
1663 2087 1828 2134 tanta

460 2150 580 2225 est,
616 2170 682 2211 ut
725 2150 1018 2234 squamam
1064 2151 1289 2211 ossibus
1333 2153 1608 2211 extrahat.
1661 2151 1827 2212 Prae-

458 2229 607 2293 stant
632 2232 747 2291 hoc
774 2232 840 2293 &
862 2231 1209 2314 anagallides
1228 2277 1245 2305 ,
1266 2233 1539 2293 cohibent
1583 2252 1652 2291 ue
1674 2253 1825 2314 quas

457 2330 674 2373 vocant
708 2333 946 2386 nomas,
979 2316 1044 2374 &
1064 2312 1514 2374 rheumatismos.
1596 2314 1723 2373 tiles
1752 2316 1824 2375 δε

455 2395 778 2455 recentibus
802 2396 983 2477 plagis
1005 2440 1024 2466 ‚
1042 2394 1073 2454 s
1066 2396 1139 2454 ed
1159 2395 1449 2475 praecipue
1471 2393 1671 2455 senum
1691 2415 1826 2455 cor·

457 2476 609 2558 pori.
649 2472 804 2535 Cum
830 2491 1024 2535 cerato
1055 2473 1408 2557 apostemata
1428 2475 1494 2536 δι
1517 2476 1711 2535 ulcera
1732 2492 1824 2535 te-

456 2573 547 2617 tra
563 2599 583 2629 ,
623 2553 761 2618 folia
784 2556 1172 2636 mandragorae
1197 2556 1446 2614 recentia
1467 2578 1486 2616 .-
1511 2556 1669 2616 radix
1695 2555 1822 2616 vul·

455 2655 596 2696 nera
642 2658 774 2696 cum
798 2637 968 2697 melle
1011 2653 1108 2697 aut
1147 2634 1323 2696 oleo:
1364 2637 1549 2696 cicuta
1586 2653 1719 2697 cum
1746 2639 1822 2696 si-

451 2712 630 2793 ligine
663 2720 842 2775 mixta
882 2737 1089 2777 mero:
1130 2717 1355 2775 aizoum
1391 2716 1656 2798 herpetas
1674 2737 1824 2801 quo·

454 2807 570 2874 que
610 2793 676 2859 δί
710 2815 911 2858 nomas
930 2837 951 2868 ,
982 2816 1049 2855 ac
1072 2792 1490 2878 putrescentia,
1522 2801 1669 2859 sicut
1705 2799 1826 2858 eri-

1633 2898 1826 2964 geron
