2000 3600
427 286 528 371 ‘42
678 276 749 351 C.
799 277 1152 348 ΡιιΝιι
1200 266 1578 349 Narva.

435 412 701 481 pocrates
741 419 777 457 a
822 395 1064 478 septimo
1107 398 1205 458 die
1243 399 1301 457 in
1334 394 1495 458 febre
1531 386 1805 460 mortife-

436 499 568 539 rum
605 479 652 537 si
692 498 834 537 num
874 476 988 539 effe
1032 478 1251 541 docuit.
1297 477 1426 539 Nos
1466 475 1674 538 scimus
1709 483 1802 541 vi·-

430 556 571 619 xisse
624 498 845 639 afiquos
893 560 1065 620 etiam
1112 559 1185 621 ab
1221 560 1326 620 hac
1381 556 1807 641 desperatione.

434 636 529 698 Fit
567 642 715 700 verb
754 642 819 702 δι
849 641 993 701 citra
1028 639 1262 711 febreS‚
1313 641 1393 698 im
1439 658 1681 721 ugnatur
1724 660 1805 702 ue

433 723 728 781 centaurio
753 719 976 802 majore
1017 720 1128 805 (ut
1144 722 1388 781 diximus
1453 737 1635 803 poto,
1718 738 1804 781 et-

428 801 669 874 τοηίεέ,
702 804 906 883 agarici
938 801 1129 863 obolis
1163 802 1343 862 tribus
1377 821 1448 861 ex
1481 803 1603 861 vini
1637 818 1807 864 vete-

431 881 510 941 ris
541 881 798 963 cyatho:
833 884 974 942 item
999 883 1344 942 verbenacae
1384 879 1530 940 folio
1552 926 1570 955 ,
1600 881 1803 957 obolis

433 961 616 1024 tribus
643 983 714 1023 ex
733 963 852 1023 vini
871 963 1039 1022 calidi
1063 962 1293 1021 hemina
1316 961 1640 1042 quatridui).
1681 960 1806 1024 Sed

435 1043 741 1104 celerrime
779 1043 1160 1128 quinquefolii
1189 1042 1385 1103 succus
1406 1041 1677 1102 medetur
1695 1046 1810 1103 tri-

435 1122 551 1183 bus
583 1124 807 1203 cyathis
848 1142 1022 1205 potus
1064 1144 1196 1183 cum
1236 1122 1348 1182 sale
1367 1123 1431 1184 &
1451 1122 1642 1183 melle.
1665 1120 1808 1204 Cy-

434 1205 663 1265 clamini
685 1202 847 1262 radix
862 1204 1147 1263 drachmis
1172 1205 1351 1263 tribus
1386 1202 1599 1263 bibitur
1616 1206 1677 1262 in
1702 1205 1805 1264 lo-

434 1304 512 1344 co
540 1282 762 1355 calido,
784 1283 851 1344 &
879 1304 912 1342 a
945 1282 1405 1365 perfrictionibus
1436 1300 1600 1345 tuto:
1632 1282 1812 1344 sudo-

433 1383 529 1424 res
567 1364 720 1422 enim
756 1362 964 1424 felleos
992 1382 1217 1424 movet.
1257 1363 1417 1424 Folia
1457 1364 1809 1448 tussilaginis

434 1463 513 1504 ex
553 1444 699 1525 aqua
745 1464 760 1504 t
805 1443 1001 1505 semen
1040 1443 1331 1505 linozostis
1370 1445 1654 1525 utriusque
1704 1448 1813 1506 in-

435 1522 691 1606 spersum
723 1524 982 1604 potioni,
1014 1525 1113 1585 vel
1147 1534 1279 1585 cum
1300 1525 1584 1585 absinthio
1602 1542 1700 1593 aut
1724 1528 1811 1586 ci·-

438 1624 571 1664 cere
611 1604 954 1666 decostum:
988 1603 1224 1686 hyssopi
1255 1606 1445 1666 baccae
1483 1626 1615 1666 cum
1653 1605 1814 1688 aqua

437 1701 632 1766 potae:
674 1684 861 1746 lichen
905 1685 1122 1757 herba,
1162 1688 1209 1745 si
1246 1688 1379 1745 ciim
1416 1684 1688 1760 sumitur,
1710 1707 1815 1747 ce-

439 1782 568 1828 tero
606 1765 769 1827 olere
801 1764 1143 1827 abstineatur
1178 1788 1191 1827 :
1229 1765 1528 1848 polythrix
1560 1767 1621 1827 in
1655 1768 1808 1831 vino

440 1847 609 1921 data,
644 1846 925 1909 struthion
967 1849 1029 1907 in
1069 1844 1290 1911 mulso.

524 1927 825 1991 LXXVII.
860 1928 1075 1989 Passim
1089 1928 1233 1989 &in
1259 1948 1619 2010 quacumque
1636 1944 1811 2011 parte

441 2010 692 2068 maxima
736 2009 1110 2070 incommoda
1132 2007 1429 2069 nascuntur
1444 2052 1467 2080 ,
1489 2011 1586 2092 qui
1605 2007 1813 2071 furun-

438 2086 554 2146 culi
589 2105 911 2161 vocantur,
952 2086 1316 2148 mortiferum
1347 2089 1651 2173 aliquando
1692 2111 1811 2152 ma-

440 2166 565 2226 lum
607 2164 882 2228 confeffis
939 2168 1300 2249 corporibus,
1341 2169 1630 2231 Remedio
1677 2169 1810 2233 sunt

438 2249 801 2328 pycnocomi
819 2247 960 2308 folia
978 2249 1111 2308 trita
1136 2269 1271 2309 cum
1295 2250 1559 2330 polenta,
1583 2252 1632 2312 si
1652 2272 1809 2312 non-

440 2326 580 2390 dum
629 2345 800 2409 caput
844 2327 1108 2391 fecerint.
1160 2327 1492 2393 Discutiunt
1542 2334 1608 2396 ὃ(
1660 2330 1806 2395 folia

440 2407 682 2491 ephedri
720 2409 880 2469 illita.
945 2423 948 2428 ’
1695 2483 1703 2490 ,

521 2487 850 2553 LXXVIII.
874 2488 1099 2551 Fistulae
1122 2510 1357 2573 quoque
1391 2492 1451 2552 in
1482 2494 1643 2554 omni
1713 2514 1809 2555 ar-

438 2586 500 2632 te
535 2570 806 2654 serpunt,
848 2570 1211 2641 medicorum
1251 2572 1400 2633 vitio
1454 2575 1607 2635 male
1672 2574 1807 2637 effis

439 2673 544 2711 cor
587 2655 801 2715 oribus.
838 2651 1071 2716 Auxilio
1097 2650 1178 2714 est
1201 2655 1553 2714 centaurium
1575 2657 1803 2730 minus,

439 2732 536 2788 col
556 2736 702 2810 yriis
734 2755 867 2795 cum
901 2734 1073 2795 melle
1102 2732 1344 2796 decocio
1364 2733 1610 2796 additis:
1641 2737 1808 2817 plan-

441 2811 646 2892 taginis
676 2812 872 2876 succus
903 2813 1153 2876 infusus:
1180 2812 1642 2898 quinquefolium
1668 2837 1807 2880 cum
