<?xml version="1.0" encoding="UTF-8"?>
<!DOCTYPE html PUBLIC "-//W3C//DTD XHTML 1.0 Transitional//EN"
    "http://www.w3.org/TR/xhtml1/DTD/xhtml1-transitional.dtd">
<html xmlns="http://www.w3.org/1999/xhtml" xml:lang="en" lang="en">
 <head>
  <title>
</title>
<meta http-equiv="Content-Type" content="text/html;charset=utf-8" />
  <meta name='ocr-system' content='tesseract 3.04.00' />
  <meta name='ocr-capabilities' content='ocr_page ocr_carea ocr_par ocr_line ocrx_word'/>
</head>
<body>
  <div class='ocr_page' id='page_1' title='image "./caiipliniisecun04unkngoog_0367.png"; bbox 0 0 2000 3600; ppageno 0'>
   <div class='ocr_carea' id='block_1_1' title="bbox 257 164 280 197">
    <p class='ocr_par' dir='ltr' id='par_1_1' title="bbox 257 164 280 197">
     <span class='ocr_line' id='line_1_1' title="bbox 257 164 280 197; baseline 0 0"><span class='ocrx_word' id='word_1_1' title='bbox 257 164 280 197; x_wconf 62' lang='grc' dir='ltr'><strong>Χ</strong></span> 
     </span>
    </p>
   </div>
   <div class='ocr_carea' id='block_1_2' title="bbox 403 213 1593 324">
    <p class='ocr_par' dir='ltr' id='par_1_2' title="bbox 403 213 1593 324">
     <span class='ocr_line' id='line_1_2' title="bbox 403 213 1593 324; baseline 0.005 -29"><span class='ocrx_word' id='word_1_2' title='bbox 403 213 829 297; x_wconf 69' lang='lat' dir='ltr'>st&#39;ron.</span> <span class='ocrx_word' id='word_1_3' title='bbox 881 226 1027 297; x_wconf 85' lang='lat' dir='ltr'><strong>Lib.</strong></span> <span class='ocrx_word' id='word_1_4' title='bbox 1059 223 1366 300; x_wconf 84' lang='lat' dir='ltr'>XXXII.</span> <span class='ocrx_word' id='word_1_5' title='bbox 1463 229 1593 324; x_wconf 82' lang='lat'>361</span> 
     </span>
    </p>
   </div>
   <div class='ocr_carea' id='block_1_3' title="bbox 201 341 1618 2380">
    <p class='ocr_par' dir='ltr' id='par_1_3' title="bbox 212 341 1613 1078">
     <span class='ocr_line' id='line_1_3' title="bbox 311 341 1612 428; baseline 0.002 -23"><span class='ocrx_word' id='word_1_6' title='bbox 311 341 381 406; x_wconf 75' lang='lat'>8.</span> <span class='ocrx_word' id='word_1_7' title='bbox 417 343 512 405; x_wconf 79' lang='lat' dir='ltr'>Fir</span> <span class='ocrx_word' id='word_1_8' title='bbox 546 345 610 404; x_wconf 88' lang='lat' dir='ltr'>in</span> <span class='ocrx_word' id='word_1_9' title='bbox 645 344 788 405; x_wconf 82' lang='lat' dir='ltr'>mari</span> <span class='ocrx_word' id='word_1_10' title='bbox 826 346 893 408; x_wconf 71' lang='grc' dir='ltr'>ὃ(</span> <span class='ocrx_word' id='word_1_11' title='bbox 929 343 1324 427; x_wconf 85' lang='lat' dir='ltr'>halcyoneum</span> <span class='ocrx_word' id='word_1_12' title='bbox 1361 345 1612 428; x_wconf 79' lang='lat' dir='ltr'>appella·</span> 
     </span>
     <span class='ocr_line' id='line_1_4' title="bbox 221 424 1612 509; baseline 0.001 -22"><span class='ocrx_word' id='word_1_13' title='bbox 221 440 395 499; x_wconf 82' lang='lat' dir='ltr'>tum,</span> <span class='ocrx_word' id='word_1_14' title='bbox 432 444 509 486; x_wconf 81' lang='lat' dir='ltr'>ex</span> <span class='ocrx_word' id='word_1_15' title='bbox 550 424 732 500; x_wconf 86' lang='lat' dir='ltr'>nidis,</span> <span class='ocrx_word' id='word_1_16' title='bbox 772 442 836 485; x_wconf 89' lang='lat' dir='ltr'>ut</span> <span class='ocrx_word' id='word_1_17' title='bbox 872 425 1048 509; x_wconf 82' lang='lat' dir='ltr'>aliqui</span> <span class='ocrx_word' id='word_1_18' title='bbox 1086 424 1443 501; x_wconf 78' lang='lat' dir='ltr'>existimant,</span> <span class='ocrx_word' id='word_1_19' title='bbox 1483 428 1612 489; x_wconf 80' lang='lat' dir='ltr'>hal·-</span> 
     </span>
     <span class='ocr_line' id='line_1_5' title="bbox 218 507 1612 589; baseline 0.004 -21"><span class='ocrx_word' id='word_1_20' title='bbox 218 527 506 589; x_wconf 82' lang='lat' dir='ltr'>cyonum</span> <span class='ocrx_word' id='word_1_21' title='bbox 538 507 606 570; x_wconf 86' lang='lat'>&amp;</span> <span class='ocrx_word' id='word_1_22' title='bbox 637 527 888 587; x_wconf 83' lang='lat' dir='ltr'>ceycum</span> <span class='ocrx_word' id='word_1_23' title='bbox 920 529 935 568; x_wconf 71' lang='grc' dir='ltr'><strong>ε</strong></span> <span class='ocrx_word' id='word_1_24' title='bbox 976 523 1042 568; x_wconf 90' lang='lat' dir='ltr'>ut</span> <span class='ocrx_word' id='word_1_25' title='bbox 1075 509 1215 581; x_wconf 82' lang='lat' dir='ltr'>alii,</span> <span class='ocrx_word' id='word_1_26' title='bbox 1254 529 1289 569; x_wconf 91' lang='lat' dir='ltr'>e</span> <span class='ocrx_word' id='word_1_27' title='bbox 1342 507 1612 573; x_wconf 74' lang='lat' dir='ltr'>sordibus</span> 
     </span>
     <span class='ocr_line' id='line_1_6' title="bbox 220 586 1611 672; baseline 0.001 -22"><span class='ocrx_word' id='word_1_28' title='bbox 220 587 565 672; x_wconf 81' lang='lat' dir='ltr'>spumarum</span> <span class='ocrx_word' id='word_1_29' title='bbox 606 586 1117 650; x_wconf 72' lang='lat' dir='ltr'>crassescentibus:</span> <span class='ocrx_word' id='word_1_30' title='bbox 1165 589 1299 663; x_wconf 88' lang='lat' dir='ltr'>alii,</span> <span class='ocrx_word' id='word_1_31' title='bbox 1339 610 1375 651; x_wconf 89' lang='lat' dir='ltr'>e</span> <span class='ocrx_word' id='word_1_32' title='bbox 1415 590 1611 666; x_wconf 83' lang='lat' dir='ltr'>limo,</span> 
     </span>
     <span class='ocr_line' id='line_1_7' title="bbox 217 668 1607 752; baseline 0.001 -20"><span class='ocrx_word' id='word_1_33' title='bbox 217 670 333 732; x_wconf 78' lang='lat' dir='ltr'>vel</span> <span class='ocrx_word' id='word_1_34' title='bbox 368 669 620 752; x_wconf 85' lang='lat' dir='ltr'>quadam</span> <span class='ocrx_word' id='word_1_35' title='bbox 656 671 828 729; x_wconf 85' lang='lat' dir='ltr'>maris</span> <span class='ocrx_word' id='word_1_36' title='bbox 858 669 1150 750; x_wconf 84' lang='lat' dir='ltr'><strong>lanugine.</strong></span> <span class='ocrx_word' id='word_1_37' title='bbox 1182 668 1455 749; x_wconf 85' lang='lat' dir='ltr'>Quatuor</span> <span class='ocrx_word' id='word_1_38' title='bbox 1475 669 1607 752; x_wconf 82' lang='lat' dir='ltr'>ejus</span> 
     </span>
     <span class='ocr_line' id='line_1_8' title="bbox 218 747 1604 834; baseline 0.002 -23"><span class='ocrx_word' id='word_1_39' title='bbox 218 770 487 834; x_wconf 85' lang='lat' dir='ltr'>genera:</span> <span class='ocrx_word' id='word_1_40' title='bbox 529 752 825 811; x_wconf 85' lang='lat' dir='ltr'>cinereum</span> <span class='ocrx_word' id='word_1_41' title='bbox 859 747 1128 831; x_wconf 85' lang='lat' dir='ltr'>spiffum,</span> <span class='ocrx_word' id='word_1_42' title='bbox 1170 749 1369 810; x_wconf 87' lang='lat' dir='ltr'>odoris</span> <span class='ocrx_word' id='word_1_43' title='bbox 1390 751 1604 833; x_wconf 80' lang='lat' dir='ltr'>asperi:</span> 
     </span>
     <span class='ocr_line' id='line_1_9' title="bbox 215 829 1612 914; baseline 0.001 -21"><span class='ocrx_word' id='word_1_44' title='bbox 215 835 485 893; x_wconf 85' lang='lat' dir='ltr'>alterum</span> <span class='ocrx_word' id='word_1_45' title='bbox 528 830 743 904; x_wconf 88' lang='lat' dir='ltr'>molle,</span> <span class='ocrx_word' id='word_1_46' title='bbox 777 831 963 891; x_wconf 87' lang='lat' dir='ltr'>lenius</span> <span class='ocrx_word' id='word_1_47' title='bbox 983 875 1004 900; x_wconf 93' lang='lat'><strong><em>,</em></strong></span> <span class='ocrx_word' id='word_1_48' title='bbox 1048 830 1239 891; x_wconf 88' lang='lat' dir='ltr'>odore</span> <span class='ocrx_word' id='word_1_49' title='bbox 1270 829 1393 892; x_wconf 87' lang='lat' dir='ltr'>fere</span> <span class='ocrx_word' id='word_1_50' title='bbox 1426 834 1612 914; x_wconf 78' lang='lat' dir='ltr'>algae:</span> 
     </span>
     <span class='ocr_line' id='line_1_10' title="bbox 213 911 1613 993; baseline -0.001 -18"><span class='ocrx_word' id='word_1_51' title='bbox 213 915 469 975; x_wconf 79' lang='lat' dir='ltr'>tertium</span> <span class='ocrx_word' id='word_1_52' title='bbox 491 911 839 972; x_wconf 81' lang='lat' dir='ltr'>candidioris</span> <span class='ocrx_word' id='word_1_53' title='bbox 863 911 1201 974; x_wconf 80' lang='lat' dir='ltr'>vermiculi:</span> <span class='ocrx_word' id='word_1_54' title='bbox 1223 931 1488 993; x_wconf 85' lang='lat' dir='ltr'>quartum</span> <span class='ocrx_word' id='word_1_55' title='bbox 1510 934 1613 993; x_wconf 82' lang='lat' dir='ltr'>pu·</span> 
     </span>
     <span class='ocr_line' id='line_1_11' title="bbox 212 992 1610 1078; baseline -0.001 -21"><span class='ocrx_word' id='word_1_56' title='bbox 212 994 510 1057; x_wconf 84' lang='lat' dir='ltr'>micosius</span> <span class='ocrx_word' id='word_1_57' title='bbox 529 1036 555 1066; x_wconf 89' lang='lat'>,</span> <span class='ocrx_word' id='word_1_58' title='bbox 590 993 963 1078; x_wconf 85' lang='lat' dir='ltr'>spongiaeque</span> <span class='ocrx_word' id='word_1_59' title='bbox 993 994 1152 1074; x_wconf 81' lang='lat' dir='ltr'>putri</span> <span class='ocrx_word' id='word_1_60' title='bbox 1180 992 1391 1054; x_wconf 86' lang='lat' dir='ltr'>simile.</span> <span class='ocrx_word' id='word_1_61' title='bbox 1433 992 1610 1055; x_wconf 72' lang='lat' dir='ltr'>Paene</span> 
     </span>
    </p>

    <p class='ocr_par' dir='ltr' id='par_1_4' title="bbox 201 1073 1618 2380">
     <span class='ocr_line' id='line_1_12' title="bbox 256 1073 1617 1157; baseline -0.001 -20"><span class='ocrx_word' id='word_1_62' title='bbox 256 1094 624 1157; x_wconf 84' lang='lat' dir='ltr'>urpureum,</span> <span class='ocrx_word' id='word_1_63' title='bbox 662 1075 825 1154; x_wconf 90' lang='lat' dir='ltr'>quod</span> <span class='ocrx_word' id='word_1_64' title='bbox 875 1075 1170 1156; x_wconf 88' lang='lat' dir='ltr'>optimum</span> <span class='ocrx_word' id='word_1_65' title='bbox 1194 1117 1214 1146; x_wconf 89' lang='lat'><strong>,</strong></span> <span class='ocrx_word' id='word_1_66' title='bbox 1248 1073 1363 1135; x_wconf 88' lang='lat' dir='ltr'>hoc</span> <span class='ocrx_word' id='word_1_67' title='bbox 1399 1075 1466 1136; x_wconf 88' lang='lat'>&amp;</span> <span class='ocrx_word' id='word_1_68' title='bbox 1488 1073 1617 1147; x_wconf 85' lang='lat' dir='ltr'>Mi·-¹</span> 
     </span>
     <span class='ocr_line' id='line_1_13' title="bbox 244 1152 1618 1234; baseline -0.002 -15"><span class='ocrx_word' id='word_1_69' title='bbox 244 1160 449 1225; x_wconf 84' lang='lat' dir='ltr'>esium</span> <span class='ocrx_word' id='word_1_70' title='bbox 485 1172 751 1217; x_wconf 85' lang='lat' dir='ltr'>vocatur.</span> <span class='ocrx_word' id='word_1_71' title='bbox 810 1152 960 1234; x_wconf 77' lang='lat' dir='ltr'>Quo</span> <span class='ocrx_word' id='word_1_72' title='bbox 1012 1155 1312 1216; x_wconf 86' lang='lat' dir='ltr'>candidius</span> <span class='ocrx_word' id='word_1_73' title='bbox 1369 1173 1569 1216; x_wconf 86' lang='lat' dir='ltr'>autem</span> <span class='ocrx_word' id='word_1_74' title='bbox 1587 1168 1618 1230; x_wconf 79' lang='lat'>,&#39;</span> 
     </span>
     <span class='ocr_line' id='line_1_14' title="bbox 201 1235 1613 1319; baseline 0 -19"><span class='ocrx_word' id='word_1_75' title='bbox 201 1238 347 1301; x_wconf 82' lang='lat' dir='ltr'>-hoc</span> <span class='ocrx_word' id='word_1_76' title='bbox 388 1237 581 1299; x_wconf 67' lang='lat' dir='ltr'>minus</span> <span class='ocrx_word' id='word_1_77' title='bbox 615 1237 919 1319; x_wconf 83' lang='lat' dir='ltr'>probabile</span> <span class='ocrx_word' id='word_1_78' title='bbox 959 1235 1061 1298; x_wconf 88' lang='lat' dir='ltr'>est.</span> <span class='ocrx_word' id='word_1_79' title='bbox 1102 1236 1211 1297; x_wconf 90' lang='lat' dir='ltr'>Vis</span> <span class='ocrx_word' id='word_1_80' title='bbox 1250 1256 1455 1297; x_wconf 87' lang='lat' dir='ltr'>eorum</span> <span class='ocrx_word' id='word_1_81' title='bbox 1476 1278 1497 1309; x_wconf 90' lang='lat'>‚</span> <span class='ocrx_word' id='word_1_82' title='bbox 1543 1253 1613 1300; x_wconf 83' lang='lat' dir='ltr'>ut</span> 
     </span>
     <span class='ocr_line' id='line_1_15' title="bbox 211 1316 1611 1401; baseline -0.001 -19"><span class='ocrx_word' id='word_1_83' title='bbox 211 1318 615 1392; x_wconf 77' lang='lat' dir='ltr'>exulcerent,</span> <span class='ocrx_word' id='word_1_84' title='bbox 653 1335 921 1401; x_wconf 87' lang='lat' dir='ltr'>purgent.</span> <span class='ocrx_word' id='word_1_85' title='bbox 969 1316 1119 1379; x_wconf 87' lang='lat' dir='ltr'>Usus</span> <span class='ocrx_word' id='word_1_86' title='bbox 1161 1316 1327 1379; x_wconf 90' lang='lat' dir='ltr'>tostis</span> <span class='ocrx_word' id='word_1_87' title='bbox 1377 1319 1444 1380; x_wconf 88' lang='lat'>&amp;</span> <span class='ocrx_word' id='word_1_88' title='bbox 1479 1320 1611 1380; x_wconf 84' lang='lat' dir='ltr'>sine</span> 
     </span>
     <span class='ocr_line' id='line_1_16' title="bbox 215 1399 1610 1482; baseline -0.003 -19"><span class='ocrx_word' id='word_1_89' title='bbox 215 1402 396 1464; x_wconf 72' lang='lat' dir='ltr'>olea.</span> <span class='ocrx_word' id='word_1_90' title='bbox 424 1399 579 1462; x_wconf 70' lang='lat' dir='ltr'>Mire</span> <span class='ocrx_word' id='word_1_91' title='bbox 600 1399 787 1482; x_wconf 89' lang='lat' dir='ltr'>lepras</span> <span class='ocrx_word' id='word_1_92' title='bbox 806 1445 828 1474; x_wconf 89' lang='lat'><strong>,</strong></span> <span class='ocrx_word' id='word_1_93' title='bbox 844 1399 1100 1461; x_wconf 87' lang='lat' dir='ltr'>lichenas</span> <span class='ocrx_word' id='word_1_94' title='bbox 1115 1445 1133 1469; x_wconf 92' lang='lat'>,</span> <span class='ocrx_word' id='word_1_95' title='bbox 1158 1400 1463 1481; x_wconf 82' lang='lat' dir='ltr'>lentigines</span> <span class='ocrx_word' id='word_1_96' title='bbox 1486 1399 1610 1461; x_wconf 72' lang='lat' dir='ltr'>tol-</span> 
     </span>
     <span class='ocr_line' id='line_1_17' title="bbox 214 1479 1607 1562; baseline -0.002 -17"><span class='ocrx_word' id='word_1_97' title='bbox 214 1484 357 1545; x_wconf 85' lang='lat' dir='ltr'>lunt</span> <span class='ocrx_word' id='word_1_98' title='bbox 378 1502 514 1541; x_wconf 90' lang='lat' dir='ltr'>cum</span> <span class='ocrx_word' id='word_1_99' title='bbox 534 1482 769 1562; x_wconf 85' lang='lat' dir='ltr'>lupino,</span> <span class='ocrx_word' id='word_1_100' title='bbox 797 1483 865 1542; x_wconf 87' lang='lat'>&amp;</span> <span class='ocrx_word' id='word_1_101' title='bbox 892 1479 1174 1560; x_wconf 82' lang='lat' dir='ltr'>sulphuris</span> <span class='ocrx_word' id='word_1_102' title='bbox 1202 1479 1432 1540; x_wconf 88' lang='lat' dir='ltr'>duobus</span> <span class='ocrx_word' id='word_1_103' title='bbox 1456 1480 1607 1542; x_wconf 88' lang='lat' dir='ltr'>obo-</span> 
     </span>
     <span class='ocr_line' id='line_1_18' title="bbox 210 1559 1601 1643; baseline -0.003 -17"><span class='ocrx_word' id='word_1_104' title='bbox 210 1564 304 1626; x_wconf 82' lang='lat' dir='ltr'>lis.</span> <span class='ocrx_word' id='word_1_105' title='bbox 342 1562 707 1643; x_wconf 89' lang='lat' dir='ltr'>Halcyoneo</span> <span class='ocrx_word' id='word_1_106' title='bbox 749 1559 1162 1622; x_wconf 84' lang='lat' dir='ltr'>utuntur&amp;ad</span> <span class='ocrx_word' id='word_1_107' title='bbox 1197 1559 1498 1621; x_wconf 84' lang='lat' dir='ltr'>oculorum</span> <span class='ocrx_word' id='word_1_108' title='bbox 1514 1564 1601 1624; x_wconf 88' lang='lat' dir='ltr'>ci-</span> 
     </span>
     <span class='ocr_line' id='line_1_19' title="bbox 205 1641 1603 1723; baseline -0.004 -14"><span class='ocrx_word' id='word_1_109' title='bbox 205 1645 496 1709; x_wconf 82' lang='lat' dir='ltr'>catrices.</span> <span class='ocrx_word' id='word_1_110' title='bbox 534 1641 802 1704; x_wconf 83' lang='lat' dir='ltr'>Andreas</span> <span class='ocrx_word' id='word_1_111' title='bbox 840 1641 913 1702; x_wconf 85' lang='lat' dir='ltr'>ad</span> <span class='ocrx_word' id='word_1_112' title='bbox 950 1642 1139 1723; x_wconf 78' lang='lat' dir='ltr'>lepras</span> <span class='ocrx_word' id='word_1_113' title='bbox 1181 1645 1372 1704; x_wconf 90' lang='lat' dir='ltr'>cancri</span> <span class='ocrx_word' id='word_1_114' title='bbox 1399 1644 1603 1704; x_wconf 80' lang='lat' dir='ltr'>cinere</span> 
     </span>
     <span class='ocr_line' id='line_1_20' title="bbox 208 1722 1604 1806; baseline -0.003 -17"><span class='ocrx_word' id='word_1_115' title='bbox 208 1746 368 1790; x_wconf 78' lang='lat' dir='ltr'>cum</span> <span class='ocrx_word' id='word_1_116' title='bbox 403 1725 543 1785; x_wconf 88' lang='lat' dir='ltr'>oleo</span> <span class='ocrx_word' id='word_1_117' title='bbox 587 1722 717 1785; x_wconf 92' lang='lat' dir='ltr'>usus</span> <span class='ocrx_word' id='word_1_118' title='bbox 748 1722 866 1784; x_wconf 74' lang='lat' dir='ltr'>estt</span> <span class='ocrx_word' id='word_1_119' title='bbox 892 1723 1122 1784; x_wconf 85' lang='lat' dir='ltr'>Attalu&#39;s</span> <span class='ocrx_word' id='word_1_120' title='bbox 1164 1723 1377 1804; x_wconf 83' lang='lat' dir='ltr'>thynni</span> <span class='ocrx_word' id='word_1_121' title='bbox 1426 1724 1604 1806; x_wconf 83' lang='lat' dir='ltr'>adipe</span> 
     </span>
     <span class='ocr_line' id='line_1_21' title="bbox 213 1805 1467 1874; baseline -0.007 0"><span class='ocrx_word' id='word_1_122' title='bbox 213 1806 452 1874; x_wconf 87' lang='lat' dir='ltr'>recenti</span> <span class='ocrx_word' id='word_1_123' title='bbox 485 1807 557 1867; x_wconf 83' lang='lat' dir='ltr'>ad</span> <span class='ocrx_word' id='word_1_124' title='bbox 594 1807 712 1868; x_wconf 84' lang='lat' dir='ltr'>oris</span> <span class='ocrx_word' id='word_1_125' title='bbox 752 1805 968 1868; x_wconf 88' lang='lat' dir='ltr'>ulcera.</span> <span class='ocrx_word' id='word_1_126' title='bbox 1463 1847 1467 1852; x_wconf 84' lang='lat'><em>·</em></span> 
     </span>
     <span class='ocr_line' id='line_1_22' title="bbox 202 1885 1606 1966; baseline -0.003 -15"><span class='ocrx_word' id='word_1_127' title='bbox 202 1899 240 1938; x_wconf 82' lang='lat'>-&#39;</span> <span class='ocrx_word' id='word_1_128' title='bbox 301 1886 489 1950; x_wconf 82' lang='lat' dir='ltr'>XXV</span> <span class='ocrx_word' id='word_1_129' title='bbox 494 1887 599 1949; x_wconf 90' lang='lat'>111.</span> <span class='ocrx_word' id='word_1_130' title='bbox 638 1887 964 1948; x_wconf 82' lang='lat' dir='ltr'>Maenarum</span> <span class='ocrx_word' id='word_1_131' title='bbox 991 1885 1219 1958; x_wconf 87' lang='lat' dir='ltr'>muria,</span> <span class='ocrx_word' id='word_1_132' title='bbox 1248 1885 1313 1949; x_wconf 73' lang='grc' dir='ltr'>δι.</span> <span class='ocrx_word' id='word_1_133' title='bbox 1346 1885 1606 1966; x_wconf 83' lang='lat' dir='ltr'>capitum</span> 
     </span>
     <span class='ocr_line' id='line_1_23' title="bbox 210 1964 1603 2048; baseline -0.008 -12"><span class='ocrx_word' id='word_1_134' title='bbox 210 1973 375 2036; x_wconf 84' lang='lat' dir='ltr'>cinis</span> <span class='ocrx_word' id='word_1_135' title='bbox 413 1991 551 2031; x_wconf 90' lang='lat' dir='ltr'>cum</span> <span class='ocrx_word' id='word_1_136' title='bbox 586 1967 762 2029; x_wconf 91' lang='lat' dir='ltr'>melle</span> <span class='ocrx_word' id='word_1_137' title='bbox 802 1967 959 2029; x_wconf 86' lang='lat' dir='ltr'>sanat</span> <span class='ocrx_word' id='word_1_138' title='bbox 992 1965 1256 2027; x_wconf 84' lang='lat' dir='ltr'>strumas.</span> <span class='ocrx_word' id='word_1_139' title='bbox 1286 1964 1469 2048; x_wconf 85' lang='lat' dir='ltr'>Pungi</span> <span class='ocrx_word' id='word_1_140' title='bbox 1491 1964 1603 2048; x_wconf 55' lang='lat' dir='ltr'>pitz</span> 
     </span>
     <span class='ocr_line' id='line_1_24' title="bbox 214 2047 1605 2132; baseline -0.005 -16"><span class='ocrx_word' id='word_1_141' title='bbox 214 2058 309 2117; x_wconf 86' lang='lat' dir='ltr'>cis</span> <span class='ocrx_word' id='word_1_142' title='bbox 355 2047 482 2131; x_wconf 85' lang='lat' dir='ltr'>ejus</span> <span class='ocrx_word' id='word_1_143' title='bbox 505 2096 528 2126; x_wconf 91' lang='lat'>‚</span> <span class='ocrx_word' id='word_1_144' title='bbox 557 2052 657 2132; x_wconf 90' lang='lat' dir='ltr'>qui</span> <span class='ocrx_word' id='word_1_145' title='bbox 691 2067 829 2109; x_wconf 85' lang='lat' dir='ltr'>rana</span> <span class='ocrx_word' id='word_1_146' title='bbox 857 2051 917 2109; x_wconf 89' lang='lat' dir='ltr'>in</span> <span class='ocrx_word' id='word_1_147' title='bbox 955 2050 1102 2108; x_wconf 90' lang='lat' dir='ltr'>mari</span> <span class='ocrx_word' id='word_1_148' title='bbox 1134 2048 1483 2129; x_wconf 83' lang='lat' dir='ltr'>appellatur,</span> <span class='ocrx_word' id='word_1_149' title='bbox 1505 2067 1605 2109; x_wconf 77' lang='lat' dir='ltr'>os·</span> 
     </span>
     <span class='ocr_line' id='line_1_25' title="bbox 213 2127 1597 2212; baseline -0.004 -14"><span class='ocrx_word' id='word_1_150' title='bbox 213 2132 417 2198; x_wconf 85' lang='lat' dir='ltr'>siculo</span> <span class='ocrx_word' id='word_1_151' title='bbox 448 2131 527 2193; x_wconf 85' lang='lat' dir='ltr'>de</span> <span class='ocrx_word' id='word_1_152' title='bbox 560 2127 778 2202; x_wconf 64' lang='lat' dir='ltr'>ca&#39;udfi,</span> <span class='ocrx_word' id='word_1_153' title='bbox 805 2132 884 2193; x_wconf 86' lang='lat' dir='ltr'>ita</span> <span class='ocrx_word' id='word_1_154' title='bbox 908 2146 973 2191; x_wconf 90' lang='lat' dir='ltr'>ut</span> <span class='ocrx_word' id='word_1_155' title='bbox 995 2150 1117 2191; x_wconf 89' lang='lat' dir='ltr'>non</span> <span class='ocrx_word' id='word_1_156' title='bbox 1144 2131 1444 2204; x_wconf 84' lang='lat' dir='ltr'>vulneret,</span> <span class='ocrx_word' id='word_1_157' title='bbox 1463 2150 1597 2212; x_wconf 90' lang='lat' dir='ltr'>pro·</span> 
     </span>
     <span class='ocr_line' id='line_1_26' title="bbox 215 2212 1597 2297; baseline -0.006 -17"><span class='ocrx_word' id='word_1_158' title='bbox 215 2213 380 2279; x_wconf 80' lang='lat' dir='ltr'>dest.</span> <span class='ocrx_word' id='word_1_159' title='bbox 427 2213 497 2274; x_wconf 90' lang='lat' dir='ltr'>Id</span> <span class='ocrx_word' id='word_1_160' title='bbox 522 2212 849 2275; x_wconf 86' lang='lat' dir='ltr'>faciendum</span> <span class='ocrx_word' id='word_1_161' title='bbox 882 2212 1146 2297; x_wconf 89' lang='lat' dir='ltr'>quotidie</span> <span class='ocrx_word' id='word_1_162' title='bbox 1163 2256 1185 2284; x_wconf 90' lang='lat'>,</span> <span class='ocrx_word' id='word_1_163' title='bbox 1225 2213 1416 2274; x_wconf 86' lang='lat' dir='ltr'>donec</span> <span class='ocrx_word' id='word_1_164' title='bbox 1457 2232 1597 2291; x_wconf 84' lang='lat' dir='ltr'>per-</span> 
     </span>
     <span class='ocr_line' id='line_1_27' title="bbox 213 2292 1600 2380; baseline -0.007 -19"><span class='ocrx_word' id='word_1_165' title='bbox 213 2298 524 2360; x_wconf 80' lang='lat' dir='ltr'>curentur.</span> <span class='ocrx_word' id='word_1_166' title='bbox 562 2295 786 2357; x_wconf 84' lang='lat' dir='ltr'>Eadem</span> <span class='ocrx_word' id='word_1_167' title='bbox 815 2296 909 2357; x_wconf 85' lang='lat' dir='ltr'>vis</span> <span class='ocrx_word' id='word_1_168' title='bbox 947 2292 1350 2380; x_wconf 67' lang='lat' dir='ltr'>&amp;pastinacae</span> <span class='ocrx_word' id='word_1_169' title='bbox 1386 2292 1549 2351; x_wconf 88' lang='lat' dir='ltr'>radio</span> <span class='ocrx_word' id='word_1_170' title='bbox 1567 2319 1600 2363; x_wconf 53' lang='lat'><em>5</em></span> 
     </span>
    </p>
   </div>
   <div class='ocr_carea' id='block_1_4' title="bbox 211 2372 1601 2523">
    <p class='ocr_par' dir='ltr' id='par_1_5' title="bbox 211 2372 1601 2523">
     <span class='ocr_line' id='line_1_28' title="bbox 211 2372 1598 2457; baseline -0.006 -18"><span class='ocrx_word' id='word_1_171' title='bbox 211 2382 295 2443; x_wconf 67' lang='grc' dir='ltr'>ὃ(</span> <span class='ocrx_word' id='word_1_172' title='bbox 328 2376 521 2457; x_wconf 85' lang='lat' dir='ltr'>lepori</span> <span class='ocrx_word' id='word_1_173' title='bbox 554 2379 774 2436; x_wconf 85' lang='lat' dir='ltr'>marino</span> <span class='ocrx_word' id='word_1_174' title='bbox 799 2375 1117 2454; x_wconf 82' lang='lat' dir='ltr'>imposito,</span> <span class='ocrx_word' id='word_1_175' title='bbox 1145 2374 1222 2431; x_wconf 86' lang='lat' dir='ltr'>ita</span> <span class='ocrx_word' id='word_1_176' title='bbox 1245 2387 1309 2431; x_wconf 89' lang='lat' dir='ltr'>ut</span> <span class='ocrx_word' id='word_1_177' title='bbox 1328 2372 1598 2432; x_wconf 89' lang='lat' dir='ltr'>celeriter</span> 
     </span>
     <span class='ocr_line' id='line_1_29' title="bbox 215 2449 1601 2523; baseline -0.007 -2"><span class='ocrx_word' id='word_1_178' title='bbox 215 2472 680 2523; x_wconf 82' lang='lat' dir='ltr'>removeantur:</span> <span class='ocrx_word' id='word_1_179' title='bbox 699 2454 892 2515; x_wconf 83' lang='lat' dir='ltr'>echini</span> <span class='ocrx_word' id='word_1_180' title='bbox 930 2449 1088 2510; x_wconf 85' lang='lat' dir='ltr'>testis</span> <span class='ocrx_word' id='word_1_181' title='bbox 1123 2454 1377 2512; x_wconf 87' lang='lat' dir='ltr'>contusis</span> <span class='ocrx_word' id='word_1_182' title='bbox 1415 2453 1483 2513; x_wconf 72' lang='grc' dir='ltr'>δι</span> <span class='ocrx_word' id='word_1_183' title='bbox 1519 2471 1601 2511; x_wconf 81' lang='lat' dir='ltr'>ex</span> 
     </span>
    </p>
   </div>
   <div class='ocr_carea' id='block_1_5' title="bbox 213 2530 1704 2612">
    <p class='ocr_par' dir='ltr' id='par_1_6' title="bbox 213 2530 1704 2612">
     <span class='ocr_line' id='line_1_30' title="bbox 213 2530 1704 2612; baseline -0.012 -9"><span class='ocrx_word' id='word_1_184' title='bbox 213 2551 409 2603; x_wconf 78' lang='lat' dir='ltr'>¹aceto</span> <span class='ocrx_word' id='word_1_185' title='bbox 436 2532 628 2594; x_wconf 78' lang='lat' dir='ltr'>illitis:</span> <span class='ocrx_word' id='word_1_186' title='bbox 657 2536 799 2595; x_wconf 88' lang='lat' dir='ltr'>item</span> <span class='ocrx_word' id='word_1_187' title='bbox 842 2530 1238 2612; x_wconf 65' lang='lat' dir='ltr'>scolopendrae</span> <span class='ocrx_word' id='word_1_188' title='bbox 1283 2534 1516 2591; x_wconf 83' lang='lat' dir='ltr'>marinae</span> <span class='ocrx_word' id='word_1_189' title='bbox 1558 2550 1596 2591; x_wconf 89' lang='lat' dir='ltr'>e</span> <span class='ocrx_word' id='word_1_190' title='bbox 1699 2580 1704 2585; x_wconf 91' lang='lat'>.</span> 
     </span>
    </p>
   </div>
   <div class='ocr_carea' id='block_1_6' title="bbox 217 2610 1598 2946">
    <p class='ocr_par' dir='ltr' id='par_1_7' title="bbox 217 2610 1592 2686">
     <span class='ocr_line' id='line_1_31' title="bbox 217 2610 1592 2686; baseline -0.004 -9"><span class='ocrx_word' id='word_1_191' title='bbox 217 2615 453 2686; x_wconf 83' lang='lat' dir='ltr'>melle:</span> <span class='ocrx_word' id='word_1_192' title='bbox 492 2633 703 2676; x_wconf 84' lang='lat' dir='ltr'>cancro</span> <span class='ocrx_word' id='word_1_193' title='bbox 742 2610 1005 2673; x_wconf 80' lang='lat' dir='ltr'>fluviatili</span> <span class='ocrx_word' id='word_1_194' title='bbox 1036 2611 1285 2670; x_wconf 85' lang='lat' dir='ltr'>contrito</span> <span class='ocrx_word' id='word_1_195' title='bbox 1306 2612 1407 2672; x_wconf 85' lang='lat' dir='ltr'>vel</span> <span class='ocrx_word' id='word_1_196' title='bbox 1426 2611 1592 2671; x_wconf 80' lang='lat' dir='ltr'>com-&#39;</span> 
     </span>
    </p>

    <p class='ocr_par' dir='ltr' id='par_1_8' title="bbox 222 2689 1593 2773">
     <span class='ocr_line' id='line_1_32' title="bbox 222 2689 1593 2773; baseline -0.006 -12"><span class='ocrx_word' id='word_1_197' title='bbox 222 2695 413 2767; x_wconf 83' lang='lat' dir='ltr'>busto</span> <span class='ocrx_word' id='word_1_198' title='bbox 447 2715 521 2756; x_wconf 85' lang='lat' dir='ltr'>ex</span> <span class='ocrx_word' id='word_1_199' title='bbox 551 2693 748 2756; x_wconf 89' lang='lat' dir='ltr'>melle.</span> <span class='ocrx_word' id='word_1_200' title='bbox 790 2689 1044 2754; x_wconf 74' lang='lat' dir='ltr'>Mirifice</span> <span class='ocrx_word' id='word_1_201' title='bbox 1081 2689 1318 2773; x_wconf 86' lang='lat' dir='ltr'>prosunt</span> <span class='ocrx_word' id='word_1_202' title='bbox 1340 2691 1593 2772; x_wconf 65' lang='lat' dir='ltr'>&amp;sepiae</span> 
     </span>
    </p>

    <p class='ocr_par' dir='ltr' id='par_1_9' title="bbox 223 2771 1598 2946">
     <span class='ocr_line' id='line_1_33' title="bbox 223 2771 1598 2862; baseline -0.006 -19"><span class='ocrx_word' id='word_1_203' title='bbox 223 2778 357 2862; x_wconf 78' lang='lat' dir='ltr'>pss&#39;a</span> <span class='ocrx_word' id='word_1_204' title='bbox 394 2796 529 2839; x_wconf 87' lang='lat' dir='ltr'>cum</span> <span class='ocrx_word' id='word_1_205' title='bbox 561 2773 810 2861; x_wconf 58' lang='lat' dir='ltr'>axungia</span> <span class='ocrx_word' id='word_1_206' title='bbox 838 2792 1045 2842; x_wconf 77' lang='lat' dir='ltr'>vetere</span> <span class='ocrx_word' id='word_1_207' title='bbox 1078 2771 1412 2840; x_wconf 65' lang='lat' dir='ltr'>contusa&amp;</span> <span class='ocrx_word' id='word_1_208' title='bbox 1433 2773 1598 2846; x_wconf 63' lang='lat' dir='ltr'>illita·=</span> 
     </span>
     <span class='ocr_line' id='line_1_34' title="bbox 320 2852 1363 2946; baseline -0.007 -19"><span class='ocrx_word' id='word_1_209' title='bbox 320 2862 376 2928; x_wconf 88' lang='lat' dir='ltr'><strong><em>T</em></strong></span> <span class='ocrx_word' id='word_1_210' title='bbox 364 2881 523 2924; x_wconf 79' lang='lat' dir='ltr'>omus</span> <span class='ocrx_word' id='word_1_211' title='bbox 554 2859 629 2935; x_wconf 82' lang='lat' dir='ltr'>V.</span> <span class='ocrx_word' id='word_1_212' title='bbox 1286 2852 1363 2946; x_wconf 94' lang='grc' dir='ltr'><strong>Ω</strong></span> 
     </span>
    </p>
   </div>
  </div>
 </body>
</html>
