2000 3600
440 197 582 300 348
686 202 759 274 C.
800 199 1152 269 ΡιιΝιι
1217 197 1605 268 NA-Tvrtz

443 323 548 394 ta,
580 321 646 383 &
679 317 871 380 adfixi
914 317 1107 377 Iinuni*
1143 314 1462 399 superiori,
1498 332 1597 378 aut
1641 316 1822 382 clavo·

451 422 606 464 aereo
636 399 841 478 januae.

532 479 725 542 XVll.
768 479 1060 540 Draconis
1095 478 1301 538 marini
1327 476 1813 563 scorpionumque
1918 522 1919 561 ¹

450 559 622 632 istus,
657 560 923 621 carnibus
958 578 1154 619 earum
1176 561 1502 640 impositis:
1531 562 1675 622 item
1697 582 1806 620 ara-
1918 580 1919 589 ¹

447 661 694 704 neotum
724 638 947 703 morsus
982 637 1272 700 sanantur·⁹
1309 636 1382 699 In
1419 637 1640 702 summa
1675 661 1805 701 con·

446 738 546 785 tta·
591 724 790 782 omnia
837 740 1108 792 venena,
1144 718 1262 781 νεὶ
1302 735 1489 801 potu,
1524 723 1626 782 vel
1659 720 1797 796 istu,

446 802 552 865 vel
585 800 780 863 morsu
813 803 1021 874 noxia,
1054 799 1256 861 succus
1297 820 1548 862 earnm-e
1566 800 1692 880 jure
1708 801 1799 862 de-

446 881 779 954 tetstarum,
810 879 1238 943 efficacissimus
1266 879 1532 942 hahetur.
1567 880 1705 942 Sunt
1735 881 1793 943 &

448 962 689 1026 servatis
711 960 953 1044 piscibus
972 962 1272 1026 medicinae
1290 1004 1309 1034 ,
1328 960 1792 1023 salsamentorum.-

391 1100 398 1104 .
449 1063 570 1127 que
607 1045 770 1105 Cibus
808 1041 1039 1123 prodest
1058 1041 1373 1124 aserpente
1394 1045 1701 1124 percussis,
1731 1043 1791 1103 &

447 1128 671 1186 eontra·
689 1121 993 1184 bestiarum
1032 1121 1173 1183 icius
1190 1169 1210 1198 ,
1233 1143 1400 1184 mero
1419 1122 1649 1185 subinde
1668 1123 1788 1183 hau-

407 1267 417 1281 ,
449 1203 588 1276 sto,
616 1204 797 1264 itaut
834 1203 911 1264 ad
949 1202 1250 1284 vesperam
1289 1204 1456 1266 cibus
1483 1206 1788 1267 vomitione

443 1284 739 1346 reddatur.
776 1282 1201 1345 Peculiariter·a
1225 1285 1486 1347 chaicide
1505 1330 1531 1359 ,
1546 1283 1743 1348 ceraste
1758 1326 1782 1355 ,

448 1381 548 1424 aut
588 1384 728 1445 quas
772 1362 933 1444 sepas
978 1381 1345 1437 vocant,aut
1380 1367 1590 1449 elope‚
1618 1363 1784 1446 dipsae

444 1445 601 1505 deve
637 1447 939 1526 percussis.
965 1442 1190 1506 Contra
1213 1443 1579 1528 scorpionem
1597 1447 1787 1528 largius

445 1523 642 1599 sumi,
662 1523 766 1587 sed
799 1545 918 1586 non
950 1528 1150 1587 evomi
1183 1525 1510 1589 salsamenta
1540 1523 1783 1610 prodest,

448 1606 527 1677 ita
569 1621 632 1664 ut
671 1607 791 1666 sitis
839 1605 1152 1666 toleretur:
1180 1608 1575 1688 &imponere
1600 1607 1781 1669 eadem

445 1685 631 1768 plagis
650 1688 943 1747 convenit.
981 1685 1211 1749 Contra
1224 1686 1650 1752 crocodilorum
1669 1689 1780 1770 qui-

445 1765 588 1830 dem
613 1765 833 1829 morsus
866 1788 985 1830 non
1005 1768 1159 1830 aliud
1188 1768 1520 1852 praesentius
1543 1770 1780 1832 habetur.

442 1846 720 1910 Privatim
762 1866 984 1910 contra.
1021 1848 1284 1932 presteris
1341 1853 1596 1914 morsum
1636 1849 1777 1911 sarda

441 1928 701 2009 prodest.
722 1928 1107 2010 Imponuntur
1141 1930 1468 2008 salsamenta
1507 1935 1572 1996 &
1608 1931 1790 1994 contra⁰

441 2010 605 2069 canis
649 2010 863 2071 rabiosi
894 2031 908 2071 ε
946 2012 1047 2072 vel
1083 2013 1290 2074 sinon
1323 2015 1437 2076 sint
1470 2012 1624 2076 ferro
1660 2009 1779 2073 ustae

438 2086 670 2226 plagae,
699 2111 944 2171 corpora
987 2112 1063 2154 ue
1103 2092 1442 2174 clysteribus
1486 2096 1774 2164 exinanita,

484 2187 555 2226 oc
605 2187 709 2248 per
749 2168 807 2229 se
850 2168 909 2229 su
977 2173 1074 2232 cit.
1117 2177 1192 2235 Et
1237 2193 1445 2237 contra
1491 2177 1777 2239 draconem

437 2248 734 2314 marinum·
764 2268 840 2309 ex
877 2267 1045 2312 aceto
1091 2255 1486 2335 imponuntur.
1525 2256 1681 2318 Idem
1716 2253 1774 2314 δε

437 2329 624 2409 cybio
658 2327 908 2393 effeetus.
937 2329 1138 2395 Draco
1178 2336 1411 2418 quidem
1452 2340 1690 2400 marinus
1709 2330 1776 2393 ad

435 2407 610 2490 spinae
648 2410 782 2483 suae,
816 2410 930 2492 qua
967 2411 1140 2488 ferit,
1171 2437 1504 2491 venenum,
1544 2416 1659 2501 ipse
1681 2417 1779 2476 im-

433 2493 695 2573 positus,
715 2489 818 2552 vel
849 2494 1089 2557 cerem-o
1117 2512 1245 2558 toto
1282 2498 1542 2579 prodest.

405 2625 416 2633 ,
510 2569 734 2635 XVIII.
761 2569 1057 2636 Ranarum
1078 2579 1422 2644 marinarum
1453 2601 1527 2643 ex
1552 2580 1683 2643 vino
1715 2573 1774 2637 &

423 2667 599 2744 aceto
660 2652 1028 2716 decociarum
1084 2657 1281 2718 succus
1318 2677 1521 2721 contra
1565 2674 1774 2735 venena
1802 2661 1809 2668 ’

422 2728 678 2807 bibitur,
711 2735 776 2798 &
804 2753 1011 2799 contra
1026 2757 1176 2801 ranae
1195 2739 1420 2803 rubetae
1454 2756 1781 2819 venenum,⁴
