2000 3600
500 256 640 331 ³08
745 255 1239 340 C.·RLIN11
1294 261 1440 331 NA
1465 270 1689 360 τυιξ.

497 377 750 441 tionibus
793 377 1049 437 invicem
1075 376 1342 439 faustum
1370 378 1872 443 ominamuricur

496 459 741 541 publicis
771 455 954 516 lustris
989 458 1170 518 etiam
1203 460 1455 522 nomina
1491 461 1752 522 viffimas
1779 462 1874 521 du·

495 538 750 599 centium
790 535 1066 618 prospera
1105 538 1421 620 legimus?
1458 538 1589 602 Cur
1622 544 1689 605 &
1719 539 1871 601 fasci,

493 618 828 679 nationibus
855 617 1201 679 adoratione
1227 620 1520 701 peculiari
1536 624 1871 683 occurrimus

493 697 631 771 alii,
674 695 943 759 Graecam
972 698 1269 759 Nemesin
1309 703 1700 762 invocantes:
1726 700 1870 779 cujus

496 778 581 848 ob
603 777 665 838 id
687 775 898 840 Romae
932 780 1311 842 simulacrum
1334 783 1400 841 in
1420 780 1723 865 Capitolio
1762 778 1870 849 est}

497 861 765 941 quamvis
796 859 1064 920 Latinum
1103 881 1335 921 nomen
1357 883 1488 922 non
1514 862 1633 923 sit?
1670 858 1786 923 Cur
1804 858 1868 919 ad

497 941 862 1003 mentionem
897 939 1306 1018 defun&orum
1325 986 1346 1017 ,
1366 941 1650 1004 testamur
1667 960 1874 1001 memo·

499 1021 650 1082 riam
697 1040 899 1090 eorum
932 1041 967 1079 a
1007 1021 1176 1081 nobis
1226 1043 1357 1082 non
1386 1021 1722 1084 sollicitari?
1762 1017 1869 1080 Cur

499 1100 752 1182 impares
789 1121 1062 1161 numeros
1099 1102 1172 1161 ad
1223 1105 1433 1164 omnia
1470 1102 1873 1164 vehementi&

502 1201 599 1257 res
618 1180 902 1239 credimus
924 1181 1135 1261 :idque
1161 1183 1225 1241 in
1248 1182 1524 1244 febribus
1544 1184 1764 1243 dierum
1784 1177 1874 1240 oba

499 1258 826 1323 servatione
842 1261 1174 1341 intelligitur
1197 1262 1220 1322 ἓ
1252 1260 1386 1323 Cur
1407 1263 1486 1324 ad
1504 1263 1770 1346 primitias
1785 1271 1873 1340 po·

496 1357 773 1414 morum,
799 1340 921 1399 haec
955 1358 1159 1401 vetera
1184 1341 1313 1403 effe
1336 1344 1619 1416 dicimus,
1646 1342 1751 1403 alia
1773 1359 1868 1399 no·

501 1442 581 1483 va
621 1420 933 1500 optamus?
973 1419 1096 1481 Cur
1129 1420 1510 1487 sternuentes
1539 1418 1864 1486 salutamus?

499 1500 668 1582 ‚quod
703 1503 875 1561 etiam
911 1499 1214 1562 Tiberium
1253 1503 1561 1567 Caesarem
1579 1548 1599 1577 ,
1637 1499 1867 1565 tristissi-

502 1600 674 1648 mum
705 1580 812 1661 (ut
856 1579 1121 1664 constat)
1157 1583 1507 1661 hominum,
1542 1588 1602 1645 in
1642 1582 1871 1647 vehicua

502 1661 570 1724 lo
611 1660 858 1743 exegiffe
902 1665 1151 1723 tradunt.
1176 1663 1248 1725 Et
1272 1667 1456 1750 aliqui
1478 1666 1717 1729 nomine
1737 1680 1865 1742 quoe

502 1800 508 1817 ,
549 1762 624 1804 ue
662 1740 1044 1818 consalutare,
1085 1743 1422 1828 religiosius
1456 1762 1684 1830 putant.
1714 1740 1866 1822 Quin
1901 1816 1910 1828 .

501 1763 578 1893 ἒ(
607 1822 863 1886 absentes
894 1826 1105 1886 tinnitu
1145 1828 1370 1888 aurium
1460 1827 1747 1889 raesentire
1768 1821 1866 1882 ser.-

500 1925 720 1973 mones
753 1905 829 1986 de
864 1903 923 1966 se
951 1951 970 1980 ,
1013 1927 1144 1967 rece
1190 1924 1313 1968 tum
1356 1929 1393 1970 e
1448 1952 1465 1970 .
1507 1905 1739 1969 Attalus
1774 1900 1866 1963 ad·

505 1982 736 2057 firmat,
752 1985 1057 2065 scorpione
1072 1988 1130 2049 vi
1158 2009 1196 2048 o
1208 2033 1225 2059 ‚
1237 1992 1289 2048 si
1307 1992 1437 2069 quis
1452 1990 1614 2049 dicat
1632 2009 1669 2044 ιι
1685 1985 1796 2046 duo
1812 2002 1863 2054 ι),

502 2063 792 2133 cohiberi,
810 2084 917 2124 nec
938 2067 1165 2126 vibrare
1181 2067 1341 2128 iaus.
1354 2068 1432 2129 Et
1442 2071 1722 2151 quoniam
1735 2063 1866 2124 scor·

504 2143 611 2224 pio
633 2143 935 2204 admonuit
954 2190 973 2214 ,
998 2148 1059 2205 in
1078 2144 1278 2207 Africa
1306 2167 1487 2210 nemo
1515 2148 1761 2211 destinat
1778 2141 1865 2203 ali-

506 2222 680 2302 quid,
703 2224 813 2282 nisi
849 2222 1115 2304 praefatus
1152 2245 1189 2278 α
1224 2224 1488 2288 Africam
1515 2256 1575 2291 ιο.
1623 2229 1689 2290 In
1726 2240 1866 2286 cete‘

507 2303 588 2364 ris
636 2305 782 2366 verb
858 2304 1123 2377 entibus,
1162 2304 1307 2367 deos
1350 2307 1678 2369 obtestatur
1702 2327 1778 2382 ,a
1811 2315 1865 2364 ut

507 2383 692 2445 velint
735 2408 792 2446 n.
820 2323 985 2446 {lam
1008 2386 1057 2444 si
1078 2383 1274 2446 mensa
1292 2386 1472 2460 adsit,
1501 2391 1747 2450 anulum
1769 2402 1864 2466 po·

506 2484 650 2545 nere
682 2464 1007 2525 tralatitium
1033 2465 1321 2533 videmus.
1345 2465 1517 2548 Quin
1538 2471 1723 2533 etiam
1738 2461 1864 2526 mulr

504 2562 593 2607 tas
620 2544 927 2628 religiones
944 2545 1165 2629 pollere
1186 2546 1548 2610 manifestum
1571 2550 1680 2611 est.
1709 2545 1862 2609 Alius

504 2626 686 2690 saliva
719 2625 851 2711 post
889 2648 1087 2692 aurem
1128 2629 1311 2713 digito
1355 2629 1565 2703 relata,
1598 2628 1863 2693 sollieitu-

506 2706 709 2767 dinem
748 2710 925 2770 animi
963 2712 1255 2791 propitiat,
1292 2709 1537 2773 Pollices
1558 2755 1579 2783 ,
1610 2712 1745 2771 cum
1781 2701 1860 2763 fa·

501 2802 783 2870 ‚yemus,=
811 2809 1079 2872 premere
1117 2793 1292 2857 etiam
1331 2792 1657 2879 proverbio
1697 2786 1858 2873 iube?
