2000 3600
434 239 840 317 msa-oa.
865 240 1012 316 Lib.
1037 240 1342 317 XXVII.
1457 266 1538 345 73

146 358 322 426 radix
360 361 536 463 hujus
571 362 652 424 ad
691 364 1092 426 exinaniendas
1132 365 1331 440 alvos,
1368 385 1544 428 men-

152 445 248 506 ses
282 465 358 506 ue
406 444 762 506 mulierum:
797 446 938 505 item
977 444 1154 506 caulis
1195 466 1330 507 cum
1379 444 1541 509 foliis

151 526 214 587 in
237 469 325 586 ‘le
407 525 660 585 minibus
707 524 976 586 decoetus
994 569 1015 598 ‚
1039 524 1194 585 sanat
1211 525 1540 593 tenesmon.

182 634 189 643 ·
220 546 547 666 Xlffivll.
563 602 834 665 Alterum
886 626 1026 666 enus
1044 604 1168 684 ejus
1184 607 1538 688 quidaman-

152 684 394 747 chusam
414 701 633 746 vocant
649 730 670 760 ,
693 686 791 745 alii
825 707 853 744 r
898 687 1250 747 ‘nochisiam
1273 687 1434 750 Folia
1451 689 1534 750 la·

153 766 336 827 stucae
350 767 616 848 longiora
626 811 647 841 ,
660 763 923 847 plumosa
933 809 954 839 ,
973 766 1166 827 radice
1181 767 1348 828 rubra
1355 812 1378 840 ,
1401 790 1533 866 quae

152 848 323 929 ignes
356 845 546 907 sacros
586 867 720 906 cum
753 846 900 906 flore
937 846 1191 926 polentae
1221 844 1373 908 sanat
1419 869 1532 910 im-

155 930 382 1069 ggsita:
410 925 683 1005 iocineris
721 944 915 987 autem
952 928 1097 989 vitia
1114 969 1136 1000 ,
1169 929 1231 986 in
1267 930 1410 989 vino
1452 929 1532 990 al·

247 1024 591 1148 ffi'vm,
629 1085 853 1148 Circaea
877 1084 1156 1167 strychno
1175 1085 1357 1151 sativo
1383 1087 1540 1149 simi·

160 1166 235 1228 lis
265 1165 346 1228 est
363 1210 385 1242 ‚
430 1168 573 1230 flore
611 1170 810 1250 nigro,
850 1167 1060 1249 pusillo
1080 1211 1101 1241 ‚
1137 1188 1320 1249 parvo
1364 1168 1532 1230 semi·

159 1267 278 1323 ne,
307 1265 372 1309 ut
412 1247 586 1323 milii,
618 1247 880 1309 nascente
919 1251 979 1308 in
1017 1249 1352 1330 quibusdam
1390 1271 1535 1311 cot·

156 1328 400 1402 niculis,
437 1328 631 1389 radice
654 1327 794 1389 semi
837 1328 1022 1400 edali‚
1057 1330 1266 1411 triplici
1301 1328 1533 1408 ferme,⁸

153 1426 256 1471 aut
277 1408 677 1491 quadruplici,
701 1350 866 1483 ὡς,
888 1409 1136 1469 odorata
1152 1454 1173 1484 ,
1215 1408 1410 1492 gustus
1429 1432 1530 1472 ca-

154 1491 287 1552 lidi.
330 1487 594 1550 Nascitur
625 1491 684 1549 in
714 1491 917 1570 apricis
947 1488 1110 1550 faxis.
1161 1487 1417 1551 Diluitur
1462 1493 1525 1553 in

155 1569 1413 1732 ἐεΜὼ
1435 1591 1528 1712 ν;;

157 1733 431 1793 ‹lt-antem
448 1731 651 1791 radicis
665 1729 798 1792 tusae
812 1775 833 1806 ‚
853 1730 1086 1791 noclem
1106 1733 1171 1794 δι
1191 1732 1365 1793 diem.
1444 1752 1544 1813 rag

160 1813 249 1875 hit
279 1812 489 1874 eadem
528 1814 693 1893 potio
729 1814 797 1876 &
831 1810 1148 1873 secundas:
1182 1811 1399 1872 semine
1438 1810 1527 1874 lac

158 1893 441 1956 minuitur
459 1937 480 1967 ‚
517 1894 577 1951 in
609 1895 750 1954 vino
789 1910 887 1952 aut
927 1890 1117 1951 mulsa
1151 1890 1300 1974 aqua
1320 1907 1489 1972 poto.

248 1971 533 2034 XXXIX.
583 1970 819 2033 Cirsion
862 1971 1170 2032 cauliculus
1221 1969 1305 2033 est
1345 1970 1526 2035 dufim

158 2053 530 2127 cubitorum,
557 2055 705 2114 trian
784 2055 844 2113 lo
887 2053 1113 2127 similis,
1137 2052 1288 2114 foliis
1319 2051 1528 2135 spino-2

162 2138 245 2197 sis
279 2134 683 2196 circumdatus.
797 2135 904 2195 inae
933 2135 1140 2195 molles
1182 2134 1322 2195 sunt.
1356 2133 1521 2196 Folia

160 2215 341 2277 bovis
375 2216 584 2297 linguae
624 2216 751 2275 simi
771 2217 825 2275 ia
841 2261 860 2286 ,
898 2208 1158 2286 minuta,
1175 2214 1523 2276 subcandida

48 2353 55 2358 .
163 2297 237 2359 &
257 2297 317 2356 in
341 2297 637 2357 cacumine
660 2295 903 2390 capitula
923 2315 1240 2378 purpurea,
1261 2315 1390 2378 quae
1408 2293 1525 2355 sol·

162 2392 381 2437 vuntur
414 2379 474 2437 in
507 2375 822 2457 lanugines.
871 2376 1039 2436 Hanc
1082 2376 1319 2436 herbam
1364 2374 1522 2434 radi·

161 2476 376 2518 cemve
412 2455 539 2537 ejus
561 2455 920 2538 'adalligatam
936 2500 958 2532 ‚
993 2457 1232 2518 dolores
1256 2457 1523 2518 varicum

158 2535 359 2598 sanare
379 2536 641 2604 tradunt.

246 2615 375 2678 XL.
428 2615 863 2696 Crataeogonon
898 2615 1070 2694 spicae
1111 2614 1280 2671 tritici
1332 2607 1525 2672 simile

151 2695 285 2771 est,
324 2698 521 2759 multis
554 2696 789 2758 calamis
823 2712 895 2753 ex
923 2694 1039 2753 una
1061 2691 1247 2751 radice
1271 2691 1536 2752 emicant

146 2779 307 2844 tibus
327 2802 342 2839 ε
366 2779 810 2859 multorumque
827 2770 1521 2917 geniculorumbNascitu:

233 2863 445 2928 Tamus
480 2861 559 2923 V.
729 2924 737 2930 ,
1280 2920 1288 2930 ,
