<?xml version="1.0" encoding="UTF-8"?>
<!DOCTYPE html PUBLIC "-//W3C//DTD XHTML 1.0 Transitional//EN"
    "http://www.w3.org/TR/xhtml1/DTD/xhtml1-transitional.dtd">
<html xmlns="http://www.w3.org/1999/xhtml" xml:lang="en" lang="en">
 <head>
  <title>
</title>
<meta http-equiv="Content-Type" content="text/html;charset=utf-8" />
  <meta name='ocr-system' content='tesseract 3.04.00' />
  <meta name='ocr-capabilities' content='ocr_page ocr_carea ocr_par ocr_line ocrx_word'/>
</head>
<body>
  <div class='ocr_page' id='page_1' title='image "./caiipliniisecun04unkngoog_0120.png"; bbox 0 0 2000 3600; ppageno 0'>
   <div class='ocr_carea' id='block_1_1' title="bbox 400 247 1548 324">
    <p class='ocr_par' dir='ltr' id='par_1_1' title="bbox 400 247 1548 324">
     <span class='ocr_line' id='line_1_1' title="bbox 400 247 1548 324; baseline -0.005 -1"><span class='ocrx_word' id='word_1_1' title='bbox 400 270 541 324; x_wconf 80' lang='lat' dir='ltr'><strong>no</strong></span> <span class='ocrx_word' id='word_1_2' title='bbox 640 251 714 323; x_wconf 89' lang='lat' dir='ltr'><strong>C.</strong></span> <span class='ocrx_word' id='word_1_3' title='bbox 766 250 1114 323; x_wconf 76' lang='grc' dir='ltr'><em>ΡιιΝιι</em></span> <span class='ocrx_word' id='word_1_4' title='bbox 1164 247 1548 319; x_wconf 73' lang='grc' dir='ltr'><strong>ΝΑτυιι.</strong></span> 
     </span>
    </p>
   </div>
   <div class='ocr_carea' id='block_1_2' title="bbox 346 364 1797 2222">
    <p class='ocr_par' dir='ltr' id='par_1_2' title="bbox 346 364 1797 1820">
     <span class='ocr_line' id='line_1_2' title="bbox 394 364 1797 451; baseline -0.002 -19"><span class='ocrx_word' id='word_1_5' title='bbox 394 370 457 432; x_wconf 66' lang='lat' dir='ltr'><strong>te</strong></span> <span class='ocrx_word' id='word_1_6' title='bbox 495 370 754 451; x_wconf 86' lang='lat' dir='ltr'><strong>deposita</strong></span> <span class='ocrx_word' id='word_1_7' title='bbox 775 411 797 439; x_wconf 91' lang='lat'><strong>,</strong></span> <span class='ocrx_word' id='word_1_8' title='bbox 831 387 906 429; x_wconf 87' lang='lat' dir='ltr'><strong>ne</strong></span> <span class='ocrx_word' id='word_1_9' title='bbox 948 383 1047 427; x_wconf 89' lang='lat' dir='ltr'><strong>ant</strong></span> <span class='ocrx_word' id='word_1_10' title='bbox 1081 364 1369 448; x_wconf 84' lang='lat' dir='ltr'><strong>prodeffe.</strong></span> <span class='ocrx_word' id='word_1_11' title='bbox 1404 365 1656 449; x_wconf 77' lang='lat' dir='ltr'><strong>Ungues</strong></span> <span class='ocrx_word' id='word_1_12' title='bbox 1677 375 1797 429; x_wconf 61' lang='lat' dir='ltr'><strong>rei</strong></span> 
     </span>
     <span class='ocr_line' id='line_1_3' title="bbox 394 448 1793 528; baseline -0.003 -16"><span class='ocrx_word' id='word_1_13' title='bbox 394 449 568 512; x_wconf 84' lang='lat' dir='ltr'><strong>secari</strong></span> <span class='ocrx_word' id='word_1_14' title='bbox 599 450 863 510; x_wconf 84' lang='lat' dir='ltr'><strong>nundinis</strong></span> <span class='ocrx_word' id='word_1_15' title='bbox 960 450 1181 509; x_wconf 79' lang='lat' dir='ltr'><strong>omanis</strong></span> <span class='ocrx_word' id='word_1_16' title='bbox 1212 448 1464 519; x_wconf 86' lang='lat' dir='ltr'><strong>tacenti,</strong></span> <span class='ocrx_word' id='word_1_17' title='bbox 1498 465 1688 528; x_wconf 83' lang='lat' dir='ltr'><strong>atque</strong></span> <span class='ocrx_word' id='word_1_18' title='bbox 1746 467 1793 508; x_wconf 78' lang='lat' dir='ltr'><strong>a</strong></span> 
     </span>
     <span class='ocr_line' id='line_1_4' title="bbox 394 528 1793 613; baseline -0.001 -21"><span class='ocrx_word' id='word_1_19' title='bbox 394 531 578 613; x_wconf 86' lang='lat' dir='ltr'><strong>digito</strong></span> <span class='ocrx_word' id='word_1_20' title='bbox 609 530 799 590; x_wconf 88' lang='lat' dir='ltr'><strong>indice</strong></span> <span class='ocrx_word' id='word_1_21' title='bbox 816 574 832 597; x_wconf 88' lang='lat'><strong>,</strong></span> <span class='ocrx_word' id='word_1_22' title='bbox 878 530 1192 589; x_wconf 90' lang='lat' dir='ltr'><strong>multorum</strong></span> <span class='ocrx_word' id='word_1_23' title='bbox 1236 529 1496 610; x_wconf 81' lang='lat' dir='ltr'><strong>pecuniae</strong></span> <span class='ocrx_word' id='word_1_24' title='bbox 1521 528 1793 610; x_wconf 83' lang='lat' dir='ltr'><strong>religio-</strong></span> 
     </span>
     <span class='ocr_line' id='line_1_5' title="bbox 395 606 1791 691; baseline -0.003 -19"><span class='ocrx_word' id='word_1_25' title='bbox 395 609 521 672; x_wconf 85' lang='lat' dir='ltr'><strong>sum</strong></span> <span class='ocrx_word' id='word_1_26' title='bbox 566 607 668 670; x_wconf 88' lang='lat' dir='ltr'><strong>est.</strong></span> <span class='ocrx_word' id='word_1_27' title='bbox 705 606 996 691; x_wconf 84' lang='lat' dir='ltr'>Capillum</span> <span class='ocrx_word' id='word_1_28' title='bbox 1036 610 1184 670; x_wconf 74' lang='lat' dir='ltr'><strong>verb</strong></span> <span class='ocrx_word' id='word_1_29' title='bbox 1211 606 1584 683; x_wconf 61' lang='lat' dir='ltr'><strong>contrectari,</strong></span> <span class='ocrx_word' id='word_1_30' title='bbox 1612 628 1791 669; x_wconf 83' lang='lat' dir='ltr'><strong>con-</strong></span> 
     </span>
     <span class='ocr_line' id='line_1_6' title="bbox 394 688 1793 770; baseline -0.002 -18"><span class='ocrx_word' id='word_1_31' title='bbox 394 706 483 752; x_wconf 83' lang='lat' dir='ltr'><strong>tra</strong></span> <span class='ocrx_word' id='word_1_32' title='bbox 521 688 778 750; x_wconf 75' lang='lat' dir='ltr'><strong>defluvia</strong></span> <span class='ocrx_word' id='word_1_33' title='bbox 819 711 884 751; x_wconf 90' lang='lat' dir='ltr'><strong>ac</strong></span> <span class='ocrx_word' id='word_1_34' title='bbox 922 690 1159 751; x_wconf 84' lang='lat' dir='ltr'><strong>dolores</strong></span> <span class='ocrx_word' id='word_1_35' title='bbox 1197 691 1402 770; x_wconf 80' lang='lat' dir='ltr'><strong>capitis</strong></span> <span class='ocrx_word' id='word_1_36' title='bbox 1436 704 1585 750; x_wconf 78' lang='lat' dir='ltr'><strong>xvu</strong></span> <span class='ocrx_word' id='word_1_37' title='bbox 1641 688 1793 750; x_wconf 81' lang='lat' dir='ltr'><strong>Lu·</strong></span> 
     </span>
     <span class='ocr_line' id='line_1_7' title="bbox 395 767 1791 864; baseline -0.001 -32"><span class='ocrx_word' id='word_1_38' title='bbox 395 770 512 844; x_wconf 66' lang='lat' dir='ltr'><strong>na,</strong></span> <span class='ocrx_word' id='word_1_39' title='bbox 548 788 722 853; x_wconf 85' lang='lat' dir='ltr'><strong>atque</strong></span> <span class='ocrx_word' id='word_1_40' title='bbox 759 786 945 832; x_wconf 76' lang='lat' dir='ltr'>xxxx.</span> <span class='ocrx_word' id='word_1_41' title='bbox 970 768 1194 854; x_wconf 64' lang='lat' dir='ltr'><strong>Pagani</strong></span> <span class='ocrx_word' id='word_1_42' title='bbox 1223 770 1354 853; x_wconf 87' lang='lat' dir='ltr'><strong>lege</strong></span> <span class='ocrx_word' id='word_1_43' title='bbox 1381 771 1440 830; x_wconf 89' lang='lat' dir='ltr'><strong>in</strong></span> <span class='ocrx_word' id='word_1_44' title='bbox 1466 767 1791 864; x_wconf 78' lang='lat' dir='ltr'><strong>plerisque</strong></span> 
     </span>
     <span class='ocr_line' id='line_1_8' title="bbox 399 848 1789 935; baseline -0.001 -23"><span class='ocrx_word' id='word_1_45' title='bbox 399 848 580 912; x_wconf 77' lang='lat' dir='ltr'><strong>Itaiiae</strong></span> <span class='ocrx_word' id='word_1_46' title='bbox 634 853 864 935; x_wconf 84' lang='lat' dir='ltr'><strong>praediis</strong></span> <span class='ocrx_word' id='word_1_47' title='bbox 922 870 1160 913; x_wconf 75' lang='lat' dir='ltr'><strong>cavetur</strong></span> <span class='ocrx_word' id='word_1_48' title='bbox 1177 866 1206 923; x_wconf 69' lang='lat'><strong>,⁴</strong></span> <span class='ocrx_word' id='word_1_49' title='bbox 1231 872 1307 911; x_wconf 89' lang='lat' dir='ltr'><strong>ne</strong></span> <span class='ocrx_word' id='word_1_50' title='bbox 1341 850 1615 911; x_wconf 73' lang='lat' dir='ltr'><strong>muheres</strong></span> <span class='ocrx_word' id='word_1_51' title='bbox 1658 868 1789 931; x_wconf 80' lang='lat' dir='ltr'><strong>per</strong></span> 
     </span>
     <span class='ocr_line' id='line_1_9' title="bbox 398 929 1790 1013; baseline -0.002 -19"><span class='ocrx_word' id='word_1_52' title='bbox 398 933 609 997; x_wconf 85' lang='lat' dir='ltr'><strong>itinera</strong></span> <span class='ocrx_word' id='word_1_53' title='bbox 656 932 1015 993; x_wconf 85' lang='lat' dir='ltr'><strong>ambulantes</strong></span> <span class='ocrx_word' id='word_1_54' title='bbox 1068 948 1376 1013; x_wconf 82' lang='lat' dir='ltr'><strong>torqueant</strong></span> <span class='ocrx_word' id='word_1_55' title='bbox 1424 929 1577 992; x_wconf 83' lang='lat' dir='ltr'><strong>fusos</strong></span> <span class='ocrx_word' id='word_1_56' title='bbox 1601 972 1625 1003; x_wconf 82' lang='lat'><strong>,</strong></span> <span class='ocrx_word' id='word_1_57' title='bbox 1668 944 1790 991; x_wconf 84' lang='lat' dir='ltr'><strong>aut</strong></span> 
     </span>
     <span class='ocr_line' id='line_1_10' title="bbox 364 1008 1788 1107; baseline -0.001 -33"><span class='ocrx_word' id='word_1_58' title='bbox 364 1087 369 1092; x_wconf 16' lang='grc' dir='ltr'><strong><em>ε</em></strong></span> <span class='ocrx_word' id='word_1_59' title='bbox 402 1015 650 1075; x_wconf 89' lang='lat' dir='ltr'><strong>omnino</strong></span> <span class='ocrx_word' id='word_1_60' title='bbox 685 1012 943 1075; x_wconf 68' lang='lat' dir='ltr'><strong>dete805</strong></span> <span class='ocrx_word' id='word_1_61' title='bbox 968 1012 1182 1084; x_wconf 80' lang='lat' dir='ltr'><strong>ferant,</strong></span> <span class='ocrx_word' id='word_1_62' title='bbox 1199 1014 1474 1107; x_wconf 80' lang='lat' dir='ltr'><strong>quoniam</strong></span> <span class='ocrx_word' id='word_1_63' title='bbox 1492 1008 1788 1072; x_wconf 81' lang='lat' dir='ltr'><strong>adverse·</strong></span> 
     </span>
     <span class='ocr_line' id='line_1_11' title="bbox 402 1091 1788 1175; baseline -0.001 -21"><span class='ocrx_word' id='word_1_64' title='bbox 402 1109 500 1154; x_wconf 91' lang='lat' dir='ltr'><strong>tur</strong></span> <span class='ocrx_word' id='word_1_65' title='bbox 518 1094 579 1155; x_wconf 93' lang='lat' dir='ltr'><strong>id</strong></span> <span class='ocrx_word' id='word_1_66' title='bbox 601 1097 862 1155; x_wconf 89' lang='lat' dir='ltr'><strong>omnium</strong></span> <span class='ocrx_word' id='word_1_67' title='bbox 883 1093 1041 1175; x_wconf 89' lang='lat' dir='ltr'><strong>spei,</strong></span> <span class='ocrx_word' id='word_1_68' title='bbox 1067 1093 1471 1175; x_wconf 72' lang='lat' dir='ltr'><strong>praectpueque</strong></span> <span class='ocrx_word' id='word_1_69' title='bbox 1506 1091 1788 1173; x_wconf 83' lang='lat' dir='ltr'><strong>frugum.</strong></span> 
     </span>
     <span class='ocr_line' id='line_1_12' title="bbox 346 1172 1783 1255; baseline -0.002 -20"><span class='ocrx_word' id='word_1_70' title='bbox 346 1231 351 1235; x_wconf 80' lang='grc'><strong><em>,</em></strong></span> <span class='ocrx_word' id='word_1_71' title='bbox 404 1172 500 1236; x_wconf 91' lang='grc' dir='ltr'><strong>Μ.</strong></span> <span class='ocrx_word' id='word_1_72' title='bbox 533 1172 808 1236; x_wconf 81' lang='lat' dir='ltr'><strong>Servilius</strong></span> <span class='ocrx_word' id='word_1_73' title='bbox 842 1173 1142 1234; x_wconf 84' lang='lat' dir='ltr'>Nonianus</span> <span class='ocrx_word' id='word_1_74' title='bbox 1183 1177 1449 1255; x_wconf 83' lang='lat' dir='ltr'><strong>princeps</strong></span> <span class='ocrx_word' id='word_1_75' title='bbox 1481 1174 1783 1243; x_wconf 78' lang='lat' dir='ltr'><strong>civitatis,</strong></span> 
     </span>
     <span class='ocr_line' id='line_1_13' title="bbox 404 1251 1787 1337; baseline -0.002 -21"><span class='ocrx_word' id='word_1_76' title='bbox 404 1275 526 1316; x_wconf 81' lang='lat' dir='ltr'><strong>non</strong></span> <span class='ocrx_word' id='word_1_77' title='bbox 545 1254 768 1337; x_wconf 85' lang='lat' dir='ltr'><strong>pridem</strong></span> <span class='ocrx_word' id='word_1_78' title='bbox 786 1254 845 1315; x_wconf 91' lang='lat' dir='ltr'><strong>in</strong></span> <span class='ocrx_word' id='word_1_79' title='bbox 866 1270 1025 1314; x_wconf 90' lang='lat' dir='ltr'><strong>metu</strong></span> <span class='ocrx_word' id='word_1_80' title='bbox 1037 1254 1387 1335; x_wconf 86' lang='lat' dir='ltr'><strong>lippitudinis</strong></span> <span class='ocrx_word' id='word_1_81' title='bbox 1401 1299 1420 1329; x_wconf 90' lang='lat'><strong>,</strong></span> <span class='ocrx_word' id='word_1_82' title='bbox 1441 1251 1602 1335; x_wconf 86' lang='lat' dir='ltr'><strong>prius</strong></span> <span class='ocrx_word' id='word_1_83' title='bbox 1635 1272 1787 1313; x_wconf 73' lang='lat' dir='ltr'><strong>uam</strong></span> 
     </span>
     <span class='ocr_line' id='line_1_14' title="bbox 402 1332 1789 1418; baseline 0.001 -24"><span class='ocrx_word' id='word_1_84' title='bbox 402 1333 525 1418; x_wconf 84' lang='lat' dir='ltr'><strong>ipse</strong></span> <span class='ocrx_word' id='word_1_85' title='bbox 556 1355 685 1396; x_wconf 85' lang='lat' dir='ltr'><strong>earn</strong></span> <span class='ocrx_word' id='word_1_86' title='bbox 721 1336 1048 1396; x_wconf 88' lang='lat' dir='ltr'><strong>nominaret</strong></span> <span class='ocrx_word' id='word_1_87' title='bbox 1075 1378 1095 1406; x_wconf 83' lang='lat'>‚</span> <span class='ocrx_word' id='word_1_88' title='bbox 1136 1332 1351 1397; x_wconf 85' lang='lat' dir='ltr'><strong>aliusve</strong></span> <span class='ocrx_word' id='word_1_89' title='bbox 1389 1337 1441 1396; x_wconf 87' lang='lat' dir='ltr'><strong>ei</strong></span> <span class='ocrx_word' id='word_1_90' title='bbox 1481 1354 1601 1416; x_wconf 80' lang='lat' dir='ltr'><strong>prae</strong></span> <span class='ocrx_word' id='word_1_91' title='bbox 1645 1336 1789 1395; x_wconf 86' lang='lat' dir='ltr'><strong>ice-</strong></span> 
     </span>
     <span class='ocr_line' id='line_1_15' title="bbox 404 1412 1784 1489; baseline -0.002 -12"><span class='ocrx_word' id='word_1_92' title='bbox 404 1431 534 1489; x_wconf 83' lang='lat' dir='ltr'><strong>ret,</strong></span> <span class='ocrx_word' id='word_1_93' title='bbox 568 1414 786 1476; x_wconf 82' lang='lat' dir='ltr'><strong>duabus</strong></span> <span class='ocrx_word' id='word_1_94' title='bbox 842 1415 1020 1475; x_wconf 84' lang='lat' dir='ltr'><strong>literis</strong></span> <span class='ocrx_word' id='word_1_95' title='bbox 1071 1412 1294 1477; x_wconf 81' lang='lat' dir='ltr'><strong>Graecis</strong></span> <span class='ocrx_word' id='word_1_96' title='bbox 1327 1432 1365 1476; x_wconf 78' lang='grc' dir='ltr'>Ρ</span> <span class='ocrx_word' id='word_1_97' title='bbox 1397 1415 1462 1477; x_wconf 76' lang='grc'><strong>8(</strong></span> <span class='ocrx_word' id='word_1_98' title='bbox 1491 1434 1571 1487; x_wconf 75' lang='grc' dir='ltr'><strong>Α,</strong></span> <span class='ocrx_word' id='word_1_99' title='bbox 1604 1414 1784 1475; x_wconf 86' lang='lat' dir='ltr'><strong>ehar-</strong></span> 
     </span>
     <span class='ocr_line' id='line_1_16' title="bbox 404 1493 1787 1578; baseline -0.001 -21"><span class='ocrx_word' id='word_1_100' title='bbox 404 1510 524 1557; x_wconf 82' lang='lat' dir='ltr'><strong>tam</strong></span> <span class='ocrx_word' id='word_1_101' title='bbox 562 1493 924 1578; x_wconf 82' lang='lat' dir='ltr'><strong>inscriptam,</strong></span> <span class='ocrx_word' id='word_1_102' title='bbox 958 1495 1407 1578; x_wconf 81' lang='lat' dir='ltr'><strong>circumligatam</strong></span> <span class='ocrx_word' id='word_1_103' title='bbox 1443 1495 1564 1555; x_wconf 86' lang='lat' dir='ltr'><strong>lino</strong></span> <span class='ocrx_word' id='word_1_104' title='bbox 1587 1539 1604 1563; x_wconf 88' lang='lat'>‚</span> <span class='ocrx_word' id='word_1_105' title='bbox 1648 1493 1787 1555; x_wconf 79' lang='lat' dir='ltr'><strong>sub-</strong></span> 
     </span>
     <span class='ocr_line' id='line_1_17' title="bbox 404 1573 1785 1644; baseline -0.003 -5"><span class='ocrx_word' id='word_1_106' title='bbox 404 1574 675 1639; x_wconf 67' lang='lat' dir='ltr'><strong>metebat</strong></span> <span class='ocrx_word' id='word_1_107' title='bbox 702 1576 899 1638; x_wconf 75' lang='lat' dir='ltr'><strong>colio:</strong></span> <span class='ocrx_word' id='word_1_108' title='bbox 932 1574 1241 1637; x_wconf 82' lang='lat' dir='ltr'><strong>Mucianus</strong></span> <span class='ocrx_word' id='word_1_109' title='bbox 1280 1592 1370 1636; x_wconf 89' lang='lat' dir='ltr'><strong>ter</strong></span> <span class='ocrx_word' id='word_1_110' title='bbox 1406 1573 1645 1644; x_wconf 85' lang='lat' dir='ltr'><strong>consul,</strong></span> <span class='ocrx_word' id='word_1_111' title='bbox 1669 1573 1785 1636; x_wconf 59' lang='lat' dir='ltr'><strong>ea·</strong></span> 
     </span>
     <span class='ocr_line' id='line_1_18' title="bbox 407 1653 1788 1720; baseline -0.002 -2"><span class='ocrx_word' id='word_1_112' title='bbox 407 1656 546 1718; x_wconf 88' lang='lat' dir='ltr'><strong>dem</strong></span> <span class='ocrx_word' id='word_1_113' title='bbox 569 1654 974 1719; x_wconf 82' lang='lat' dir='ltr'><strong>observatione</strong></span> <span class='ocrx_word' id='word_1_114' title='bbox 994 1659 1294 1720; x_wconf 84' lang='lat' dir='ltr'><strong>viventem</strong></span> <span class='ocrx_word' id='word_1_115' title='bbox 1313 1653 1566 1717; x_wconf 86' lang='lat' dir='ltr'><strong>muscam</strong></span> <span class='ocrx_word' id='word_1_116' title='bbox 1582 1656 1644 1714; x_wconf 90' lang='lat' dir='ltr'><strong>in</strong></span> <span class='ocrx_word' id='word_1_117' title='bbox 1659 1655 1788 1715; x_wconf 78' lang='lat' dir='ltr'><strong>lin-</strong></span> 
     </span>
     <span class='ocr_line' id='line_1_19' title="bbox 407 1734 1786 1820; baseline -0.003 -20"><span class='ocrx_word' id='word_1_118' title='bbox 407 1737 573 1800; x_wconf 80' lang='lat' dir='ltr'><strong>teolo</strong></span> <span class='ocrx_word' id='word_1_119' title='bbox 614 1738 788 1800; x_wconf 83' lang='lat' dir='ltr'><strong>albo:</strong></span> <span class='ocrx_word' id='word_1_120' title='bbox 827 1738 914 1799; x_wconf 86' lang='lat' dir='ltr'><strong>his</strong></span> <span class='ocrx_word' id='word_1_121' title='bbox 950 1738 1222 1800; x_wconf 86' lang='lat' dir='ltr'><strong>remediis</strong></span> <span class='ocrx_word' id='word_1_122' title='bbox 1247 1756 1444 1800; x_wconf 84' lang='lat' dir='ltr'><strong>carere</strong></span> <span class='ocrx_word' id='word_1_123' title='bbox 1465 1734 1624 1820; x_wconf 86' lang='lat' dir='ltr'><strong>ipsos</strong></span> <span class='ocrx_word' id='word_1_124' title='bbox 1666 1737 1786 1819; x_wconf 87' lang='lat' dir='ltr'><strong>lip-</strong></span> 
     </span>
    </p>

    <p class='ocr_par' dir='ltr' id='par_1_3' title="bbox 407 1817 1789 2222">
     <span class='ocr_line' id='line_1_20' title="bbox 452 1817 1789 1902; baseline -0.001 -23"><span class='ocrx_word' id='word_1_125' title='bbox 452 1820 672 1882; x_wconf 86' lang='lat' dir='ltr'><strong>itudine</strong></span> <span class='ocrx_word' id='word_1_126' title='bbox 693 1820 1092 1902; x_wconf 70' lang='lat' dir='ltr'><strong>praedicantes.</strong></span> <span class='ocrx_word' id='word_1_127' title='bbox 1112 1818 1380 1882; x_wconf 86' lang='lat' dir='ltr'><strong>Carmina</strong></span> <span class='ocrx_word' id='word_1_128' title='bbox 1396 1817 1662 1900; x_wconf 84' lang='lat' dir='ltr'><strong>quaedam</strong></span> <span class='ocrx_word' id='word_1_129' title='bbox 1676 1836 1789 1879; x_wconf 81' lang='lat' dir='ltr'><strong>ex-</strong></span> 
     </span>
     <span class='ocr_line' id='line_1_21' title="bbox 407 1839 1789 1984; baseline 0 -23"><span class='ocrx_word' id='word_1_130' title='bbox 407 1839 561 1962; x_wconf 49' lang='lat' dir='ltr'><strong>¹flant</strong></span> <span class='ocrx_word' id='word_1_131' title='bbox 601 1919 801 1962; x_wconf 80' lang='lat' dir='ltr'><strong>contra</strong></span> <span class='ocrx_word' id='word_1_132' title='bbox 830 1901 1133 1984; x_wconf 78' lang='lat' dir='ltr'><strong>grandines</strong></span> <span class='ocrx_word' id='word_1_133' title='bbox 1148 1946 1166 1972; x_wconf 92' lang='lat'><strong>,</strong></span> <span class='ocrx_word' id='word_1_134' title='bbox 1190 1918 1504 1982; x_wconf 86' lang='lat' dir='ltr'><strong>contraque</strong></span> <span class='ocrx_word' id='word_1_135' title='bbox 1540 1898 1789 1961; x_wconf 81' lang='lat' dir='ltr'><strong>morbo·</strong></span> 
     </span>
     <span class='ocr_line' id='line_1_22' title="bbox 409 1978 1788 2064; baseline -0.002 -22"><span class='ocrx_word' id='word_1_136' title='bbox 409 2000 544 2042; x_wconf 78' lang='lat' dir='ltr'><strong>rum</strong></span> <span class='ocrx_word' id='word_1_137' title='bbox 583 2001 832 2062; x_wconf 89' lang='lat' dir='ltr'><strong>genera,</strong></span> <span class='ocrx_word' id='word_1_138' title='bbox 870 1999 1183 2064; x_wconf 87' lang='lat' dir='ltr'><strong>contraque</strong></span> <span class='ocrx_word' id='word_1_139' title='bbox 1202 1978 1486 2053; x_wconf 79' lang='lat' dir='ltr'><strong>ambusta,</strong></span> <span class='ocrx_word' id='word_1_140' title='bbox 1548 1979 1788 2040; x_wconf 82' lang='lat' dir='ltr'><strong>uaedarn</strong></span> 
     </span>
     <span class='ocr_line' id='line_1_23' title="bbox 412 2060 1788 2142; baseline -0.001 -19"><span class='ocrx_word' id='word_1_141' title='bbox 412 2063 591 2123; x_wconf 80' lang='lat' dir='ltr'><strong>etiam</strong></span> <span class='ocrx_word' id='word_1_142' title='bbox 623 2070 906 2142; x_wconf 79' lang='lat' dir='ltr'><strong>experta:</strong></span> <span class='ocrx_word' id='word_1_143' title='bbox 952 2060 1053 2122; x_wconf 90' lang='lat' dir='ltr'><strong>sed</strong></span> <span class='ocrx_word' id='word_1_144' title='bbox 1095 2061 1402 2142; x_wconf 86' lang='lat' dir='ltr'><strong>prodendo</strong></span> <span class='ocrx_word' id='word_1_145' title='bbox 1442 2060 1523 2121; x_wconf 88' lang='lat' dir='ltr'><strong>ob</strong></span> <span class='ocrx_word' id='word_1_146' title='bbox 1572 2076 1633 2120; x_wconf 91' lang='lat' dir='ltr'><strong>at</strong></span> <span class='ocrx_word' id='word_1_147' title='bbox 1682 2062 1788 2122; x_wconf 53' lang='lat' dir='ltr'><strong>inv·</strong></span> 
     </span>
     <span class='ocr_line' id='line_1_24' title="bbox 410 2138 1787 2222; baseline 0.001 -22"><span class='ocrx_word' id='word_1_148' title='bbox 410 2159 555 2222; x_wconf 80' lang='lat' dir='ltr'><strong>gens</strong></span> <span class='ocrx_word' id='word_1_149' title='bbox 589 2138 976 2215; x_wconf 85' lang='lat' dir='ltr'><strong>verecundia,</strong></span> <span class='ocrx_word' id='word_1_150' title='bbox 1005 2142 1066 2199; x_wconf 89' lang='lat' dir='ltr'><strong>in</strong></span> <span class='ocrx_word' id='word_1_151' title='bbox 1103 2141 1261 2201; x_wconf 62' lang='lat' dir='ltr'><strong>tanta</strong></span> <span class='ocrx_word' id='word_1_152' title='bbox 1306 2143 1633 2201; x_wconf 86' lang='lat' dir='ltr'><strong>animorum</strong></span> <span class='ocrx_word' id='word_1_153' title='bbox 1666 2162 1787 2202; x_wconf 80' lang='lat' dir='ltr'><strong>va·-</strong></span> 
     </span>
    </p>
   </div>
   <div class='ocr_carea' id='block_1_3' title="bbox 409 2218 1787 2314">
    <p class='ocr_par' dir='ltr' id='par_1_4' title="bbox 409 2218 1787 2314">
     <span class='ocr_line' id='line_1_25' title="bbox 409 2218 1787 2314; baseline 0.003 -34"><span class='ocrx_word' id='word_1_154' title='bbox 409 2221 635 2281; x_wconf 81' lang='lat' dir='ltr'><strong>tietate.</strong></span> <span class='ocrx_word' id='word_1_155' title='bbox 681 2218 1065 2314; x_wconf 66' lang='lat' dir='ltr'><strong>Quapropter</strong></span> <span class='ocrx_word' id='word_1_156' title='bbox 1084 2220 1159 2281; x_wconf 91' lang='lat' dir='ltr'><strong>de</strong></span> <span class='ocrx_word' id='word_1_157' title='bbox 1180 2220 1267 2281; x_wconf 83' lang='lat' dir='ltr'><strong>his</strong></span> <span class='ocrx_word' id='word_1_158' title='bbox 1287 2264 1308 2295; x_wconf 93' lang='lat'><strong>,</strong></span> <span class='ocrx_word' id='word_1_159' title='bbox 1335 2239 1401 2282; x_wconf 89' lang='lat' dir='ltr'><strong>ut</strong></span> <span class='ocrx_word' id='word_1_160' title='bbox 1417 2221 1646 2283; x_wconf 85' lang='lat' dir='ltr'><strong>libitum</strong></span> <span class='ocrx_word' id='word_1_161' title='bbox 1662 2222 1787 2284; x_wconf 74' lang='lat' dir='ltr'><strong>cui·-</strong></span> 
     </span>
    </p>
   </div>
   <div class='ocr_carea' id='block_1_4' title="bbox 413 2299 1787 2871">
    <p class='ocr_par' dir='ltr' id='par_1_5' title="bbox 413 2299 1082 2383">
     <span class='ocr_line' id='line_1_26' title="bbox 413 2299 1082 2383; baseline -0.001 -23"><span class='ocrx_word' id='word_1_162' title='bbox 413 2319 528 2383; x_wconf 83' lang='lat' dir='ltr'><strong>que</strong></span> <span class='ocrx_word' id='word_1_163' title='bbox 550 2299 724 2361; x_wconf 87' lang='lat' dir='ltr'><strong>fuerit</strong></span> <span class='ocrx_word' id='word_1_164' title='bbox 740 2343 761 2373; x_wconf 93' lang='lat'>‚</span> <span class='ocrx_word' id='word_1_165' title='bbox 793 2317 1082 2380; x_wconf 73' lang='lat' dir='ltr'><strong>opinetur.</strong></span> 
     </span>
    </p>

    <p class='ocr_par' dir='ltr' id='par_1_6' title="bbox 414 2377 1787 2871">
     <span class='ocr_line' id='line_1_27' title="bbox 493 2377 1787 2463; baseline 0.002 -22"><span class='ocrx_word' id='word_1_166' title='bbox 493 2380 602 2442; x_wconf 89' lang='lat' dir='ltr'><strong>VI.</strong></span> <span class='ocrx_word' id='word_1_167' title='bbox 629 2402 683 2463; x_wconf 81' lang='lat'><strong>3.</strong></span> <span class='ocrx_word' id='word_1_168' title='bbox 703 2380 1026 2441; x_wconf 88' lang='lat' dir='ltr'><strong>Hominum</strong></span> <span class='ocrx_word' id='word_1_169' title='bbox 1050 2377 1429 2442; x_wconf 82' lang='lat' dir='ltr'><strong>monstrificas</strong></span> <span class='ocrx_word' id='word_1_170' title='bbox 1456 2396 1689 2443; x_wconf 76' lang='lat' dir='ltr'><strong>naturas</strong></span> <span class='ocrx_word' id='word_1_171' title='bbox 1716 2383 1787 2448; x_wconf 74' lang='grc'><strong>8(</strong></span> 
     </span>
     <span class='ocr_line' id='line_1_28' title="bbox 414 2459 1786 2546; baseline 0.001 -22"><span class='ocrx_word' id='word_1_172' title='bbox 414 2460 716 2524; x_wconf 76' lang='lat' dir='ltr'><strong>veneficos</strong></span> <span class='ocrx_word' id='word_1_173' title='bbox 729 2459 981 2543; x_wconf 59' lang='lat' dir='ltr'><strong>aspectus</strong></span> <span class='ocrx_word' id='word_1_174' title='bbox 1004 2461 1249 2522; x_wconf 76' lang='lat' dir='ltr'><strong>diximus</strong></span> <span class='ocrx_word' id='word_1_175' title='bbox 1264 2463 1322 2522; x_wconf 92' lang='lat' dir='ltr'><strong>in</strong></span> <span class='ocrx_word' id='word_1_176' title='bbox 1339 2463 1616 2545; x_wconf 84' lang='lat' dir='ltr'><strong>portentis</strong></span> <span class='ocrx_word' id='word_1_177' title='bbox 1638 2483 1786 2546; x_wconf 69' lang='lat' dir='ltr'><strong>genv-</strong></span> 
     </span>
     <span class='ocr_line' id='line_1_29' title="bbox 415 2541 1782 2624; baseline 0.001 -19"><span class='ocrx_word' id='word_1_178' title='bbox 415 2543 561 2605; x_wconf 84' lang='lat' dir='ltr'><strong>tium</strong></span> <span class='ocrx_word' id='word_1_179' title='bbox 581 2588 600 2619; x_wconf 90' lang='lat'><strong>,</strong></span> <span class='ocrx_word' id='word_1_180' title='bbox 631 2545 697 2606; x_wconf 87' lang='lat'>&amp;</span> <span class='ocrx_word' id='word_1_181' title='bbox 730 2541 938 2604; x_wconf 86' lang='lat' dir='ltr'><strong>multas</strong></span> <span class='ocrx_word' id='word_1_182' title='bbox 991 2543 1322 2612; x_wconf 82' lang='lat' dir='ltr'><strong>animalium</strong></span> <span class='ocrx_word' id='word_1_183' title='bbox 1359 2544 1782 2624; x_wconf 73' lang='lat' dir='ltr'><strong>proprietates,</strong></span> 
     </span>
     <span class='ocr_line' id='line_1_30' title="bbox 419 2622 1783 2708; baseline 0 -23"><span class='ocrx_word' id='word_1_184' title='bbox 419 2643 551 2702; x_wconf 79' lang='lat' dir='ltr'><strong>quae</strong></span> <span class='ocrx_word' id='word_1_185' title='bbox 571 2628 754 2708; x_wconf 86' lang='lat' dir='ltr'><strong>repeti</strong></span> <span class='ocrx_word' id='word_1_186' title='bbox 776 2623 1190 2706; x_wconf 83' lang='lat' dir='ltr'><strong>supervacuum</strong></span> <span class='ocrx_word' id='word_1_187' title='bbox 1223 2622 1327 2686; x_wconf 85' lang='lat' dir='ltr'><strong>est.</strong></span> <span class='ocrx_word' id='word_1_188' title='bbox 1362 2622 1783 2705; x_wconf 85' lang='lat' dir='ltr'><strong>Quorumdam</strong></span> 
     </span>
     <span class='ocr_line' id='line_1_31' title="bbox 418 2701 1780 2790; baseline 0.003 -28"><span class='ocrx_word' id='word_1_189' title='bbox 418 2701 724 2767; x_wconf 80' lang='lat' dir='ltr'><strong>hominum</strong></span> <span class='ocrx_word' id='word_1_190' title='bbox 758 2723 883 2768; x_wconf 89' lang='lat' dir='ltr'><strong>tota</strong></span> <span class='ocrx_word' id='word_1_191' title='bbox 915 2722 1162 2790; x_wconf 88' lang='lat' dir='ltr'><strong>corpora</strong></span> <span class='ocrx_word' id='word_1_192' title='bbox 1192 2705 1461 2788; x_wconf 86' lang='lat' dir='ltr'><strong>prosunt,</strong></span> <span class='ocrx_word' id='word_1_193' title='bbox 1483 2722 1547 2767; x_wconf 92' lang='lat' dir='ltr'><strong>ut</strong></span> <span class='ocrx_word' id='word_1_194' title='bbox 1583 2726 1655 2766; x_wconf 87' lang='lat' dir='ltr'><strong>ex</strong></span> <span class='ocrx_word' id='word_1_195' title='bbox 1689 2707 1780 2766; x_wconf 76' lang='lat' dir='ltr'><strong>his</strong></span> 
     </span>
     <span class='ocr_line' id='line_1_32' title="bbox 416 2776 1777 2871; baseline 0.004 -26"><span class='ocrx_word' id='word_1_196' title='bbox 416 2776 653 2845; x_wconf 66' lang='lat' dir='ltr'><strong>familiis</strong></span> <span class='ocrx_word' id='word_1_197' title='bbox 688 2808 818 2867; x_wconf 81' lang='lat' dir='ltr'><strong>quae</strong></span> <span class='ocrx_word' id='word_1_198' title='bbox 855 2786 983 2850; x_wconf 81' lang='lat' dir='ltr'><strong>sunt</strong></span> <span class='ocrx_word' id='word_1_199' title='bbox 1020 2790 1232 2871; x_wconf 85' lang='lat' dir='ltr'><strong>terrori</strong></span> <span class='ocrx_word' id='word_1_200' title='bbox 1263 2786 1622 2870; x_wconf 76' lang='lat' dir='ltr'><strong>serpentibus</strong></span> <span class='ocrx_word' id='word_1_201' title='bbox 1637 2802 1777 2865; x_wconf 66' lang='lat' dir='ltr'><strong>,tan</strong></span> 
     </span>
    </p>
   </div>
   <div class='ocr_carea' id='block_1_5' title="bbox 1921 155 1950 694">
    <p class='ocr_par' dir='ltr' id='par_1_7' title="bbox 1921 93 1952 730">
     <span class='ocr_line' id='line_1_33' title="bbox 1933 155 1940 312; baseline 0 -160"><span class='ocrx_word' id='word_1_202' title='bbox 1933 155 1940 312; x_wconf 6' lang='grc' dir='ltr'><strong>ιζ</strong></span> 
     </span>
     <span class='ocr_line' id='line_1_34' title="bbox 1921 315 1946 528; baseline 0 22"><span class='ocrx_word' id='word_1_203' title='bbox 1921 315 1946 528; x_wconf 56' lang='grc' dir='ltr'><strong>’ἒ</strong></span> 
     </span>
     <span class='ocr_line' id='line_1_35' title="bbox 1945 551 1950 694; baseline 0 36"><span class='ocrx_word' id='word_1_204' title='bbox 1945 551 1950 694; x_wconf 48' lang='grc' dir='ltr'><strong>ε</strong></span> 
     </span>
    </p>
   </div>
  </div>
 </body>
</html>
