2000 3600
361 229 780 300 Htsron.
825 226 971 299 Lib.
1011 224 1288 299 XXIX.
1394 248 1523 326 2²5
1614 214 1621 221 ’

193 353 247 409 'ut
271 346 380 429 ipse
401 393 421 424 ‚
455 348 551 410 cui
583 343 796 408 abscisa
833 346 945 420 sit,
980 346 1154 408 vivus
1181 345 1531 410 dimittatur:

195 429 399 511 glebula
431 449 507 489 ex
538 427 912 488 hirundinum
948 426 1088 488 nido
1128 427 1267 488 illita
1301 448 1378 489 ex
1400 448 1533 490 ace·

196 527 288 571 to:
320 510 415 571 vel
446 509 592 590 pulli
622 508 936 570 hirundinis
987 507 1308 570 combusti:
1340 529 1532 570 mem·

196 588 346 651 brana
386 592 509 652 sive
547 587 803 651 seneGus
838 590 1112 671 anguium
1130 631 1152 664 ,
1188 593 1529 653 vernatione

199 670 380 744 exuta,
420 691 556 731 eum
589 690 798 732 cancro
833 668 1089 731 masculo
1128 690 1201 730 ex
1240 673 1383 732 vino
1421 673 1526 732 tri-

197 765 262 811 ta.
297 750 441 812 Nam
477 753 649 813 etiam
690 771 797 832 per
825 748 885 811 se
919 770 981 810 re
1027 750 1176 811 osita
1196 752 1254 810 in
1277 754 1420 812 arcis
1432 773 1528 812 ar-

199 830 470 914 mariisque
488 876 509 906 ‚
538 831 720 891 tineas
740 847 925 892 necat.
1000 847 1133 891 anta
1149 832 1241 891 vis
1259 831 1393 891 mali
1410 831 1527 907 est,

201 928 254 970 ut
284 915 431 973 urina
472 932 709 995 quoque
740 912 952 973 calcata
985 911 1201 971 rabiosi
1231 913 1392 972 canis
1423 933 1529 973 no·

202 1004 350 1066 ceat‚'
380 992 631 1055 maxime
663 991 826 1053 ulcus
847 991 1213 1053 habentibus.
1237 991 1530 1055 Remedio

205 1071 273 1133 est
301 1071 492 1134 fimum
527 1072 875 1135 caballinum
894 1069 1221 1153 adspersum
1242 1088 1406 1133 aceto
1425 1117 1445 1145 ,
1465 1075 1531 1136 ὅτ.

204 1153 468 1215 calfaflum
502 1157 563 1214 in
601 1151 719 1214 fico
761 1154 1117 1235 impositum.
1163 1150 1364 1215 Minus
1415 1153 1531 1214 hoc

204 1236 447 1309 miretur,
465 1238 566 1318 qui
586 1236 802 1316 cogitet
815 1279 835 1308 ,
859 1233 1112 1314 lapidem
1140 1255 1174 1294 a
1201 1254 1343 1295 cane
1363 1254 1532 1295 mor·-

206 1311 336 1387 sum,
369 1315 545 1398 usque
576 1316 638 1375 in
676 1315 1052 1395 proverbium
1092 1313 1385 1378 discordiae
1418 1337 1532 1378 ve·-

207 1394 338 1457 niss'e.
372 1396 501 1477 Qui
516 1398 588 1456 in
619 1398 837 1456 urinam
874 1398 1028 1457 canis
1056 1393 1212 1456 suam
1234 1394 1528 1479 egesserit,

207 1490 478 1559 torporem
500 1476 831 1538 lumborum
851 1475 1062 1536 sentire
1090 1477 1305 1538 dicunt.
1327 1476 1533 1539 Lacer-

209 1573 289 1627 ta,
308 1579 474 1640 quam
503 1558 564 1618 hi
593 1555 728 1639 sepa
747 1601 767 1631 ,
793 1557 885 1617 alii
906 1557 1259 1619 chalcidicen
1276 1576 1524 1634 vocant,

212 1636 259 1696 in
284 1642 415 1699 vino
499 1654 597 1699 ota
633 1637 854 1698 morsus
892 1636 1023 1698 suos
1059 1636 1235 1700 sanat.

275 1717 323 1779 X
494 1718 539 1780 1.
569 1716 884 1791 veneficiis
926 1739 999 1780 ex
1029 1717 1273 1784 mustela
1293 1717 1537 1781 silvestri

213 1790 370 1873 sadis,
403 1804 752 1862 contrarium
782 1797 865 1861 est
900 1796 992 1880 jus
1033 1800 1326 1881 gallinacei
1366 1816 1536 1861 vete·

213 1881 276 1960 ris
297 1882 441 1963 large
480 1880 774 1944 haustum:
810 1881 1174 1960 peculiariter
1197 1897 1397 1940 contra
1414 1900 1542 1940 aco·

215 1961 370 2024 nitum
393 2006 413 2034 ‚
440 1963 574 2024 addi
619 1981 821 2043 parurn
844 1960 973 2021 salis
994 1976 1246 2041 oportet.
1279 1958 1537 2024 Gallina·

217 2060 327 2102 rum
356 2041 552 2104 fimum
585 2043 881 2103 dumtaxat
915 2042 1261 2115 candidum,
1279 2044 1338 2103 in
1357 2041 1543 2126 hyffo-

220 2140 286 2201 po
322 2124 613 2186 decoEtum
636 2166 656 2197 ‚
691 2141 753 2184 ut
790 2121 971 2185 mulso
993 2170 1014 2199 ,
1068 2140 1267 2186 contra
1313 2129 1541 2187 venena

221 2199 304 2264 fun
338 2225 497 2265 orum
520 2205 998 2287 boletorumque:
1024 2207 1167 2266 item
1185 2206 1539 2278 inflationes,

221 2300 277 2341 ac
374 2287 761 2369 angulationes
792 2308 808 2346 t
842 2286 1005 2369 quod
1043 2290 1350 2359 miremur,
1370 2290 1541 2359 chm,

224 2362 266 2419 εἰ
296 2365 434 2426 aliud
463 2368 668 2428 animal
689 2366 997 2449 gustaverit
1026 2368 1091 2426 id
1124 2366 1328 2427 fimum
1347 2410 1371 2438 ,
1409 2384 1503 2426 tor
1520 2394 1542 2412 a

224 2444 438 2507 minibus
466 2446 941 2509 &inflationibus
970 2445 1287 2507 adficiatur.
1307 2444 1418 2506 San
1459 2446 1545 2505 uis

225 2523 485 2588 anserinus
524 2546 724 2588 contra
772 2528 1013 2606 lepores
1059 2529 1315 2587 marinos
1347 2466 1571 2597 vafin'

225 2620 339 2663 cum
380 2608 494 2668 olei
537 2610 704 2689 aequa
736 2607 1027 2688 portione.
1050 2603 1200 2665 Item
1222 2621 1421 2664 contra
1438 2626 1551 2666 ma·

225 2678 274 2740 la
318 2688 727 2750 medicamenta
781 2685 979 2747 omnia
1041 2683 1365 2746 adservatur
1417 2706 1561 2756 cum-

226 2758 448 2830 Lemnia
475 2769 702 2833 rubrica
735 2768 810 2837 δι
838 2764 1010 2849 spinae
1051 2763 1424 2908 albaeKsuccO,
1443 2789 1563 2852 pao,

1262 2869 1304 2914 V
