2000 3600
414 334 559 426 354
656 315 1146 386 ίζΡιιΝιι
1195 313 1607 383 ΝΑτυιι.

414 432 718 499 lationibus
753 433 1015 515 prosunt.
1053 431 1247 493 Testae
1282 427 1605 493 ostreorum
1636 429 1803 496 cinis

413 536 586 580 uvam
625 514 821 587 sedat,
864 514 928 576 &
978 513 1242 575 tonsillas
1284 513 1540 573 admixto
1578 514 1805 577 melle.

408 597 638 661 Eodem
669 594 853 657 modo
893 593 1216 679 parotidas,
1241 614 1429 675 panos
1448 637 1468 666 ,
1503 614 1800 655 mamma-

406 672 654 759 rumque
698 676 937 736 duritias
958 719 979 749 ‚
1014 677 1268 758 capitum
1288 676 1485 736 ulcera
1503 693 1575 736 ex
1597 677 1751 759 aqufi
1768 699 1790 739 z

403 775 603 821 cutem
644 776 718 818 ue
750 757 1060 817 mulierum
1114 756 1388 817 extendit.
1433 753 1792 838 Inspergitut

406 839 476 901 δι
518 859 611 898 am
655 836 813 899 ustiS.
852 837 926 899 Et
966 836 1289 898 dentifricio
1312 834 1791 918 placet.Pruriti·-

408 920 520 982 bus
577 939 695 1001 quo
742 937 813 979 ue
856 920 921 980 &
973 918 1367 1000 eruptionibu's
1427 918 1644 999 pituitae
1705 937 1787 979 ex

409 1016 578 1061 aceto
619 1019 714 1060 me
760 1015 905 1060 etur.
947 997 1163 1060 Crudae
1189 999 1238 1058 si
1260 997 1604 1071 tundantur,
1631 995 1782 1058 stru·

412 1084 538 1143 'ruas
576 1078 807 1155 sanant,
834 1081 910 1142 &³
940 1082 1249 1162 perniones
1279 1079 1519 1163 pedum.
1554 1077 1781 1163 Purpu-

412 1182 492 1225 1·ae
564 1181 643 1221 uo
687 1163 987 1241 uexcontta
1007 1164 1234 1224 venena
1263 1159 1520 1241 prosunt.

492 1182 686 1303 ὶῗΧῙὲ
719 1240 800 1322 Et·
817 1242 870 1301 al
911 1262 1009 1302 am
1028 1245 1198 1303 maris
1221 1243 1516 1303 theriacen
1539 1238 1652 1302 esse
1671 1239 1782 1301 Ni-

414 1321 627 1384 cander
657 1321 868 1384 tradit.'
953 1344 1054 1383 ura
1089 1321 1214 1402 ejus
1248 1342 1495 1405 genera,
1531 1323 1619 1384 nti
1643 1322 1787 1383 dix'r

414 1423 544 1463 mus
572 1423 589 1463 τ
608 1401 787 1487 longo
823 1400 972 1463 folio
1006 1405 1071 1466 &
1089 1403 1295 1465 latiore
1309 1449 1330 1479 ‚
1345 1404 1596 1467 „rubente
1611 1448 1632 1479 ,
1648 1404 1790 1464 alia-

408 1503 489 1545 ve
522 1481 733 1565 crispo.
769 1483 1220 1557 Laudatissima‚
1242 1505 1375 1567 quae
1403 1487 1463 1545 in
1488 1480 1673 1546 Creta
1700 1486 1792 1545 in·

418 1562 536 1626 sula
570 1561 730 1643 juxta
765 1580 978 1626 terram
1008 1568 1066 1624 in
1103 1567 1276 1650 petris
1330 1565 1574 1626 nascitur
1606 1586 1623 1626 t
1666 1567 1791 1625 tin-

418 1644 660 1728 guendis
682 1647 854 1705 etiam
868 1645 1012 1704 tanis
1030 1648 1109 1707 ita
1129 1646 1394 1707 colorem
1409 1644 1662 1728 adligans
1673 1689 1701 1718 ,
1722 1662 1792 1708 ut

416 1725 531 1788 elui
582 1723 739 1787 ostea
753 1745 873 1786 non
889 1728 1091 1807 possit.
1109 1725 1159 1787 E
1170 1727 1312 1793 vino
1324 1724 1487 1808 jubet
1501 1746 1632 1787 eam
1645 1726 1796 1790 dari.

477 1887 478 1890 Ἴ
617 1805 723 1869 111.
763 1825 826 1885 7.
856 1807 1176 1890 Alopecias
1220 1808 1408 1889 replet
1449 1808 1793 1890 hippocam-

405 1887 481 1970 *pi
514 1890 691 1963 cinis,
713 1889 875 1950 nitro
913 1891 978 1951 &
1008 1890 1179 1971 adipe
1216 1888 1382 1950 suillo
1415 1892 1632 1951 mixtus
1651 1889 1790 1963 ‚au't

415 1970 670 2030 sincerus
702 1987 777 2029 ex
804 1985 995 2031 aceto.
1029 1968 1352 2052 Praeparant
1372 1987 1574 2033 autem
1600 1970 1791 2052 sepia·-

411 2069 544 2109 rum
586 2047 790 2109 crustae'
826 2048 1009 2112 farina
1053 2050 1491 2112 medicamentis
1552 2068 1786 2123 cutem,

415 2131 484 2192 &
531 2132 710 2189 muris
755 2132 963 2190 marini
1020 2132 1170 2193 cinis
1229 2152 1362 2193 cum
1405 2131 1544 2194 oleo
1579 2152 1597 2191 t
1640 2134 1787 2194 item

415 2207 605 2267 echini
647 2207 780 2268 c'um
808 2210 1073 2273 carnibus
1093 2211 1208 2272 suis
1237 2216 1473 2275 cremati
1491 2234 1507 2274 ι
1527 2211 1610 2273 fel
1628 2212 1790 2275 scor·

413 2289 606 2371 pionis
647 2290 874 2350 marini.
911 2289 1204 2353 Ranarum
1244 2312 1479 2376 quoque
1502 2295 1711 2370 trium,
1735 2295 1789 2356 si

411 2372 571 2433 'vivae
594 2372 654 2431 in
670 2368 787 2431 olla
804 2390 1277 2449 concrementur,
1305 2376 1451 2436 cinis
1484 2395 1620 2437 cum
1641 2375 1792 2437 mel·

413 2452 514 2513 le:
544 2450 754 2536 melihs
790 2472 923 2511 cum
942 2455 1074 2535 pice
1091 2453 1327 2535 liquida.
1349 2452 1791 2538 Capillumode·

416 2535 643 2614 nigrant
664 2530 1041 2620 sanguisugae,
1072 2556 1201 2617 quae
1222 2538 1278 2595 in
1298 2538 1466 2618 nigro
1494 2537 1641 2597 vino
1662 2537 1790 2598 die-

415 2613 526 2674 bus
562 2630 667 2677 xz..
710 2631 845 2675 com
888 2632 1138 2676 uti-uere.
1176 2614 1294 2676 Alii
1333 2619 1394 2677 in
1432 2620 1582 2677 aceti
1610 2616 1791 2679 sexta·

411 2695 516 2756 riis
557 2692 784 2757 duobus
865 2694 1300 2780 anguisugarum
1356 2695 1670 2758 sextarium
1725 2699 1792 2759 in
1892 2772 1899 2776 q

395 2773 553 2833 ’vase
591 2774 871 2857 plumbeo
912 2774 1117 2855 jubent
1202 2776 1486 2839 uti-escere
1522 2778 1792 2840 totidem

415 2850 621 2916 dicbus
637 2897 658 2929 ‚
691 2875 832 2918 mox
865 2856 1004 2918 illini
1035 2860 1094 2919 in
1175 2860 1293 2922 ole.
1322 2856 1624 2922 Sornatius
1648 2874 1791 2921 tan·-
