2000 3600
450 242 600 309 ‘112
703 235 774 306 C.
825 229 1176 305 Pzrn'rr
1227 227 1636 304 Nan-vas

453 370 662 434 tatem,
695 374 761 413 ac
801 352 1017 412 similes
1055 350 1213 413 casus
1261 352 1478 413 dextris
1520 345 1877 437 adsignare

454 435 707 517 partibus
725 480 741 504 ,
771 453 973 513 parem
1004 432 1188 493 laevis·

535 535 595 589 4.
623 513 834 574 Ferunt
872 510 1132 580 difficiles
1171 528 1364 594 partus
1398 511 1585 574 statim
1630 512 1863 588 solvi,

454 594 590 653 cum
610 596 735 674 quis
757 591 1000 666 tectum,
1025 596 1085 653 in
1104 614 1223 675 quo
1248 596 1320 653 sit
1343 595 1581 676 gravida
1598 636 1619 666 ,
1636 596 1864 656 transs·-

455 672 671 733 miserit
701 673 925 754 lapide,
956 674 1058 735 vel
1094 674 1327 749 missili,
1350 695 1425 735 ex
1448 675 1573 747 his,
1594 677 1708 756 qui
1733 678 1867 737 tria

456 754 725 814 animalia
762 754 999 836 singulis
1036 754 1238 815 iffibus
1268 753 1705 848 interfecerint,
1731 756 1865 817 ho·

449 834 673 894 minem
692 880 711 905 ‚
751 855 989 915 aprum,
1026 833 1236 895 ursum.
1277 834 1635 897 Probabilius
1655 836 1735 896 id
1757 834 1863 896 fa-

452 915 534 973 cit
575 914 729 976 hasta
762 914 1018 975 velitaris
1037 959 1057 988 ‚
1102 913 1295 976 evulsa
1327 936 1361 976 e
1401 935 1652 997 corpore
1715 917 1858 977 ho·-

455 996 634 1058 minis
663 1042 682 1070 ‚
735 997 782 1056 si
827 1012 1041 1056 terram
1096 1015 1215 1055 non
1258 998 1525 1075 attigerit.
1568 994 1856 1058 Eosdem

458 1079 619 1138 enim
657 1076 813 1137 illata
853 1073 1086 1135 effeetus
1135 1076 1325 1137 habet.
1366 1075 1456 1136 Sic
1495 1078 1560 1138 &
1590 1075 1856 1158 sagittas

456 1176 707 1245 corpore
740 1155 999 1227 eductas,
1039 1158 1086 1214 si
1106 1173 1316 1216 terram
1352 1176 1471 1215 non
1489 1158 1803 1296 attifferint
1823 1198 1850 1231 ,
1911 1175 1920 1180 ·

451 1235 730 1315 subjectas
756 1236 1128 1310 cubantibus,
1162 1238 1505 1296 amatorium
1539 1257 1571 1296 e
1617 1258 1691 1307 e,
1719 1235 1858 1298 Or·
1900 1256 1906 1259 ·

452 1315 642 1398 pheus
689 1317 753 1377 &
787 1314 1106 1375 Archelaus
1130 1314 1394 1377 scribunt.
1425 1315 1593 1396 Quin
1628 1318 1702 1379 &
1729 1339 1847 1378 co·

452 1395 733 1457 mitialem
774 1396 1047 1456 morbum
1077 1395 1259 1470 sanari
1296 1398 1430 1457 cibo
1469 1417 1503 1456 e
1535 1418 1715 1459 carne
1740 1398 1839 1459 fe·

453 1495 535 1535 1·ae
567 1474 770 1536 occisae
804 1477 1019 1556 eodem
1052 1474 1249 1551 ferro,
1287 1497 1406 1558 quo
1432 1478 1613 1537 homo
1634 1481 1841 1539 inter·

453 1549 639 1616 feRus
657 1558 748 1617 sit.
767 1555 1175 1637 Quorumdam
1194 1574 1383 1639 partes
1399 1558 1640 1618 medicae
1657 1558 1801 1619 sunt
1815 1601 1846 1631 ,

456 1637 627 1696 sicuti
667 1637 918 1698 diximus
949 1635 1041 1698 de‘
1062 1637 1106 1699 P
1155 1640 1267 1698 rrhi
1304 1641 1455 1720 regis
1491 1638 1728 1719 pollice.
1758 1638 1842 1700 Et

457 1713 628 1778 Elide
667 1716 887 1779 solebat
923 1717 1086 1779 osten
1130 1722 1148 1778 i
1184 1716 1412 1801 Pelopis
1446 1717 1631 1795 costa,
1653 1740 1843 1802 quam

461 1799 776 1860 eburneam
795 1796 1191 1861 adfirmabant.
1225 1799 1446 1861 Naevos
1462 1804 1518 1860 in
1538 1799 1688 1862 facie
1707 1817 1848 1862 ton·

461 1876 642 1952 dere,
675 1879 997 1962 religiosum
1033 1880 1244 1941 habent
1264 1882 1439 1941 etiam
1459 1901 1611 1955 nunc
1639 1883 1843 1943 multi.

537 1958 678 2019 vll.
718 1959 1043 2023 Hominum
1080 1963 1227 2024 verb
1250 1962 1311 2020 in
1331 1962 1534 2042 primis
1563 1959 1838 2042 jejunam

457 2036 696 2099 salivam
749 2058 950 2100 contra
1003 2039 1088 2100 ser
1134 2057 1291 2100 entes
1347 2041 1616 2121 praesidio
1672 2040 1796 2106 effe
1815 2084 1839 2117 ,

455 2117 782 2179 docuimus.
819 2117 938 2179 Sed
961 2121 1027 2179 &
1052 2061 1199 2178 alios
1224 2118 1489 2182 efficaces
1528 2120 1653 2204 ejus
1693 2122 1834 2185 usus

456 2194 836 2276 recognoscat
887 2201 1027 2260 vita.
1085 2197 1441 2280 Despuimus
1504 2200 1835 2265 comitiales

454 2276 735 2348 inorbOS,
774 2276 889 2338 hoc
928 2277 1050 2351 est,
1089 2284 1352 2363 contagia
1386 2284 1728 2364 regerimus.
1750 2282 1836 2344 Si-

459 2357 585 2418 mili
620 2356 803 2418 modo
840 2359 904 2419 &
933 2358 1335 2422 fascinationes
1368 2367 1830 2442 repercutimus,

459 2438 794 2519 dextraeque
833 2439 1149 2502 clauditatis
1206 2439 1522 2501 occursum.
1567 2441 1829 2505 Veniam

462 2536 698 2614 quoque
738 2539 773 2599 a
814 2519 938 2581 deis
967 2520 1089 2603 spei
1108 2519 1342 2599 alicujus
1364 2520 1703 2584 audaciores
1720 2544 1827 2606 pe·

463 2613 680 2674 tunm,
713 2599 775 2660 in
812 2602 1000 2663 sinum
1053 2601 1348 2684 spuendo.'
1388 2599 1573 2661 Etiam
1612 2604 1828 2666 eadem

465 2682 686 2741 ratione
721 2682 881 2759 terna
920 2681 1198 2764 despuere
1257 2682 1663 2764 deprecatione
1692 2728 1715 2757 ‚
1762 2682 1825 2767 iri

466 2760 630 2839 omni
669 2761 958 2825 medicina
990 2782 1121 2825 mos
1152 2761 1273 2838 est,
1292 2780 1467 2843 atque
1482 2764 1565 2826 ita
1588 2761 1826 2829 effeem
