2000 3600
382 208 521 357 18o
631 263 700 332 C.
749 262 1138 332 ΡιιΝιι
1184 257 1577 331 NATvR.

508 377 723 440 LVIII.
744 375 939 440 Glaux
961 377 1267 458 antiquitus
1289 396 1361 437 eu
1399 374 1619 438 alafion
1653 386 1800 438 xro-'-

425 462 698 533 abatur,
727 456 916 538 cytiso
953 459 1020 521 δι
1043 457 1327 527 lenticulae
1355 396 1506 517 {liis
1540 458 1745 517 similis
1767 476 1796 519 τ

425 537 623 601 aversa
655 538 1007 600 candidiora.
1030 537 1200 598 Rami
1228 540 1287 598 in
1313 554 1525 599 terram
1543 536 1794 617 serpunt

471 622 586 679 uini
609 618 840 695 senive‚
858 619 1193 680 -admodum
1223 635 1425 680 tenues
1464 619 1537 678 ab
1564 619 1793 680 radice.

426 642 673 762 §losculi
705 702 977 782 purpurei
1015 716 1242 760 exeunt.
1287 697 1583 760 Invenitur
1616 697 1793 776 juxta

429 801 610 842 mare.
649 778 937 863 Coquitur
970 781 1030 840 in
1059 779 1368 841 sorbitione
1407 779 1741 860 similaginis
1760 823 1788 853 ‚

427 861 505 922 ad
537 862 899 922 excitandam
934 862 1254 922 ubertatem
1298 858 1470 920 lactis.
1502 859 1645 920 Eam
1676 860 1787 942 qui

427 940 748 1016 hauserint,
780 942 1017 1003 balineis
1053 943 1136 1002 nti
1162 941 1456 1012 convenit.

512 1021 671 1084 LIX.
708 1042 799 1084 10.
838 1020 1124 1092 Glaucion
1156 1023 1216 1081 in
1257 1019 1425 1101 Syria
1458 1020 1523 1081 &
1553 1018 1786 1080 Parthia

434 1103 711 1176 nascitur,
733 1103 958 1164 humilis
999 1102 1209 1174 herba,
1245 1101 1438 1161 densis
1471 1099 1660 1174 foliis,
1695 1098 1790 1160 fe·

434 1203 500 1246 re
528 1185 864 1265 papaveris,
900 1183 1217 1245 minoribus
1255 1196 1449 1241 tamen
1491 1178 1787 1241 sordidio-

424 1264 740 1342 ribusque,
779 1262 977 1323 odoris
1012 1264 1179 1336 tetri,
1217 1259 1410 1343 gustus
1442 1263 1617 1320 amari
1647 1280 1784 1321 cum

420 1341 819 1404 ·adstri&ione.
871 1341 1135 1404 Granum
1172 1342 1346 1402 habet
1389 1343 1584 1402 crocei
1620 1341 1787 1402 colo-

434 1426 532 1482 ris.
572 1422 706 1483 Hoc
742 1424 803 1482 in
847 1423 965 1483 olla
995 1421 1151 1483 fiffili
1192 1423 1317 1483 luto
1360 1420 1785 1492 circumlitum,

433 1504 495 1561 in
535 1503 791 1575 clibanis
830 1502 1171 1564 calefaciunt
1204 1525 1221 1563 z
1263 1501 1473 1564 deinde
1509 1520 1786 1582 exempto

431 1580 665 1644 succum
703 1585 1032 1663 exprimunt
1061 1581 1317 1664 ejusdem
1347 1584 1631 1644 nominis:
1655 1581 1788 1642 usus

433 1662 519 1724 est
554 1667 619 1726 &
658 1662 807 1725 succi
832 1664 897 1725 &
925 1663 1237 1744 foliorum,
1278 1664 1326 1723 si
1355 1679 1610 1724 terantur
1629 1709 1650 1738 ,
1681 1663 1789 1722 ad-

433 1746 638 1806 versus
672 1744 1013 1828 epiphoras,
1038 1765 1168 1827 quae
1204 1741 1478 1806 universae
1519 1764 1638 1805 uno
1674 1745 1788 1803 im-

435 1843 578 1908 petu
610 1827 837 1888 cadunt.
868 1826 1026 1888 Hinc
1057 1842 1409 1907 temperatur
1441 1823 1788 1905 collyrium,

435 1910 598 1989 quod
648 1908 861 1969 medici
906 1908 1264 1991 diaglaucion
1315 1921 1548 1967 vocant.
1604 1903 1789 1965 Laffis

437 2008 672 2067 quoque
709 1990 935 2049 ubertas
968 1986 1272 2048 intermiss'a
1310 1985 1630 2049 restituitur.
1673 1983 1790 2048 Su-

434 2066 607 2130 mitur
650 2064 774 2145 ejus
815 2069 898 2127 rei
942 2069 1111 2127 causa
1136 2087 1222 2128 -ex
1255 2088 1289 2126 a
1371 2068 1424 2129 ἃ.

460 2185 463 2186 ⁷
517 2144 644 2205 LX.
683 2142 1043 2225 Glycyside,
1067 2166 1237 2227 quam
1274 2168 1305 2204 a
1330 2149 1449 2227 iqui
1467 2147 1791 2229 paeoniam5

432 2244 529 2286 aut
540 2225 906 2305 pentorobon
920 2242 1164 2295 vocant,
1181 2224 1400 2285 caulem
1419 2225 1593 2287 habet
1610 2228 1792 2288 duum

435 2307 798 2380 cubitorum,
833 2300 1235 2365 comitantibus
1278 2304 1505 2379 duobus
1546 2325 1643 2367 aut
1685 2310 1791 2368 tri·
1888 2302 1895 2308 ’

430 2383 578 2459 hm,
614 2386 947 2447 subrutilum
968 2430 990 2461 ‚
1029 2402 1161 2445 cute
1199 2383 1381 2443 lauri:
1417 2384 1557 2445 folia
1599 2389 1794 2466 qualia

435 2467 615 2539 isatis,
647 2468 976 2549 pinguiora,
1013 2465 1461 2547 rotundioraque
1506 2465 1571 2526 &
1606 2470 1793 2529 mino·

436 2571 535 2613 ra:
562 2548 756 2611 semen
789 2549 849 2608 in
880 2547 967 2608 sili
1010 2548 1096 2612 uis
1121 2590 1142 2622 ,
1182 2545 1335 2607 aliud
1358 2566 1534 2629 grano
1574 2548 1793 2609 ruben-

436 2647 496 2690 te
516 2676 541 2702 ,
574 2630 727 2696 aliud
764 2633 823 2690 ni
864 2569 1132 2692 r0.cI)uo
1166 2644 1361 2691 autem
1401 2648 1610 2711 genera
1645 2627 1794 2692 sunt.

437 2707 676 2770 Femina
733 2651 1081 2773 exiffiimatur
1103 2754 1123 2783 ‚
1165 2706 1325 2789 cujus
1375 2710 1656 2770 radicibus
1682 2730 1792 2771 ceu

434 2785 629 2848 balani
658 2790 949 2871 longiores
989 2792 1211 2853 circiter
1245 2788 1377 2851 οᾶο
1411 2807 1508 2852 aut
1544 2788 1642 2855 sex
1686 2790 1793 2854 ad·-
