2000 3600
476 272 570 381 '32
718 284 788 354 C.
843 285 1219 354 ΡιιΝιι
1269 282 1661 354 NATUR.

475 400 760 483 »Apollo
793 399 1014 484 pestem
1056 399 1216 483 posse
1240 400 1547 475 ‚ci-escere,
1579 402 1674 462 cui
1714 413 1839 463 nu‘-

456 483 605 542 avda
649 484 815 564 virgo
847 481 1154 564 restinguat
1178 508 1213 542 n
1240 505 1254 544 ε
1289 500 1459 564 atque
1477 485 1557 542 ita
1578 483 1840 545 retrorsa

474 583 648 623 manu
668 580 753 623 ter
778 564 931 623 dicat
948 609 962 630 ,
986 561 1270 645 totiesque
1313 562 1589 644 despuant
1631 565 1837 625 ambo-

474 641 754 704 Medetur
794 645 858 704 &
901 643 1059 703 radix
1098 644 1491 725 mandragorae
1533 664 1605 704 ex
1639 646 1792 725 aqua
1815 667 1862 705 ε,

470 723 681 784 radicis
718 724 1083 785 scammoniae
1124 724 1429 785 decossum
1461 745 1592 783 curn
1624 724 1837 787 melle:

474 804 726 866 sideritis
765 826 900 865 cum
933 806 1105 885 adipe
1142 822 1379 869 vetere:
1420 804 1519 865 vel
1535 801 1841 886 ‘Chrysip-

474 904 591 966 pea
630 906 762 946 cum
809 884 932 946 ficis
977 886 1319 966 pinguibus:
1356 886 1420 945 &
1456 884 1577 945 haec
1621 886 1693 945 ab
1740 889 1840 946 in·

471 984 720 1026 ventore
758 965 932 1026 habet
964 986 1198 1026 nomen.

488 1060 491 1065 ·
560 1045 718 1106 LXI.
761 1066 852 1108 10.
883 1046 1180 1108 Venerem
1205 1048 1264 1105 in
1291 1062 1480 1106 totum
1511 1045 1745 1119 adimit,
1768 1061 1838 1107 ut

476 1128 758 1196 diximus,
798 1148 942 1205 nym
988 1128 1110 1187 haea
1130 1127 1405 1187 heraclia:
1431 1126 1632 1186 eadem
1654 1125 1841 1187 semel

476 1226 652 1289 pota,
684 1208 742 1265 in
782 1223 884 1265 xl..
924 1151 1067 1267 dies.
1107 1205 1391 1267 Insomnia
1432 1227 1665 1288 quoque
1707 1205 1843 1267 Ve-

477 1289 631 1347 neris
671 1308 704 1345 a
743 1283 941 1364 jejuno
978 1289 1314 1368 pota‚'&in
1339 1285 1471 1346 cibo
1494 1287 1735 1367 sumpta.
1762 1286 1844 1347 Il-

475 1368 580 1428 lita
614 1387 847 1448 quoque
888 1369 1051 1427 radix
1086 1369 1454 1450 genitalibuS‚
1476 1368 1697 1428 inhibet
1714 1388 1842 1429 non

474 1446 663 1508 solum
682 1447 979 1508 Venerem
999 1494 1020 1523 ‚
1047 1447 1145 1508 sed
1165 1451 1229 1510 &
1245 1445 1591 1509 affluentiam
1653 1450 1844 1510 enitu-

476 1549 592 1600 rae‚
620 1527 700 1587 ob
734 1528 795 1587 id
835 1550 935 1588 cor
980 1551 1045 1588 us
1083 1531 1234 1589 alere
1256 1549 1584 1610 vocemque
1648 1531 1858 1592 icitur..

479 1607 895 1688 Adpetentiam
934 1552 1182 1671 {seueris
1207 1608 1343 1669 facit
1378 1609 1535 1668 radix
1569 1629 1600 1668 e
1633 1609 1842 1690 xiphio

478 1688 776 1769 superior,
809 1690 939 1749 data
978 1709 1120 1770 potu
1158 1693 1224 1749 inst
1257 1691 1419 1749 vino.
1468 1686 1616 1748 Item
1660 1709 1856 1769 quam·

479 1772 783 1833 crethmon
834 1773 1036 1853 agrion
1082 1769 1403 1852 appellant:
1435 1770 1499 1832 &
1534 1769 1843 1833 horminos

480 1855 669 1937 agrios
717 1873 850 1914 cum
889 1852 1126 1932 polenta
1158 1853 1417 1911 contrita.
1456 1847 1463 1855 ’

498 1965 515 1976 κ
553 1932 746 2010 LXII.
783 1932 899 1995 Sed
922 1937 1068 1994 inter
1099 1953 1277 2014 pauca
1311 1931 1582 1991 mirabilis
1612 1929 1695 1991 est
1739 1951 1846 1992 or-

482 2014 605 2073 chis
635 2012 846 2073 herba:
877 2017 999 2075 sive
1024 2013 1265 2095 serapias
1281 2056 1301 2085 ‚
1325 2010 1479 2072 foliis
1500 2014 1845 2093 porri,cau·

480 2095 539 2154 le
577 2092 843 2173 palmeo,
877 2093 1023 2151 flore
1056 2114 1346 2173 purpureo
1368 2138 1386 2167 ‚
1424 2093 1649 2183 gemina
1678 2095 1844 2155 radi-

479 2181 583 2245 ce,
615 2170 890 2234 testiculis
932 2175 1139 2233 simili:
1170 2176 1336 2234 ita-ut
1355 2194 1569 2253 major,
1595 2173 1844 2256 s.ive(ut

478 2255 656 2335 aliqui
698 2251 936 2334 dicunt)
974 2254 1206 2327 durior,
1239 2276 1311 2314 ex
1344 2255 1490 2334 aqua
1527 2270 1664 2334 pota
1690 2258 1858 2315 exc}-

475 2351 561 2396 tet
597 2334 898 2396 libidinem
929 2355 944 2393 ε
977 2336 1169 2395 minor
1198 2338 1322 2395 sive
1348 2334 1609 2408 mollior,
1639 2355 1672 2394 e
1694 2335 1844 2399 lafie

476 2418 713 2497 caprino
751 2415 1026 2476 inhibeat.
1062 2409 1322 2495 Quidam
1348 2415 1491 2476 folio
1529 2414 1696 2476 scillae
1721 2414 1854 2482 esse-

480 2497 717 2568 dicunt‚
758 2496 991 2556 laeviore
1032 2518 1098 2556 ac
1138 2498 1402 2570 minore,
1436 2495 1596 2556 caule
1641 2495 1850 2577 spino-

481 2579 567 2641 so.
594 2576 842 2639 Radices
876 2575 1069 2636 sanant
1098 2578 1215 2635 oris
1241 2575 1467 2638 ulcera:
1486 2577 1735 2639 thoracis
1752 2580 1856 2660 pi·-

436 2687 439 2692 ·
482 2662 692 2733 tuitas,
731 2658 925 2719 alvum
960 2655 1210 2719 sistunte
1231 2657 1371 2719 vino
1402 2673 1580 2739 potae.
1615 2654 1841 2719 Conci·-

479 2741 743 2801 tatricem
775 2742 898 2799 vim
928 2738 1098 2799 habet
1135 2736 1409 2820 satyrion.
1429 2736 1573 2798 Duo
1593 2736 1719 2817 ejus
1740 2759 1844 2822 ge-

483 2833 659 2881 nera:
687 2838 800 2881 una
827 2816 1187 2901 longioribus
1220 2815 1406 2894 foliis,
1430 2816 1606 2903 quam
1641 2819 1796 2885 olea
1810 2862 1848 2902 2.
