2000 3600
422 276 515 348 H
517 297 552 349 1
570 297 613 349 s
633 296 684 347 r
699 296 751 348 o
767 263 842 349 n.
862 278 1007 362 Lib.
1030 277 1359 352 XXVIII.
1460 279 1596 379 14'9

208 397 291 459 id
337 418 540 458 curam
561 441 582 470 ‚
621 395 902 478 liquefieri
941 401 1097 478 prihs‘
1144 396 1351 479 jubent
1392 420 1410 460 z
1452 420 1600 462 mox

212 478 440 560 frigida
486 478 632 558 aqua
670 478 847 537 lavari
890 476 1128 559 saepius,
1168 478 1301 539 dein
1343 475 1593 562 liquefass·

215 579 364 619 tere
410 556 612 618 adfuso
647 560 791 617 vino
824 558 997 640 quarn
1029 559 1450 622 odoratissimo.
1473 558 1593 621 Εσ-

217 639 483 720 demque
514 638 941 698 modo'iterum
976 660 1043 698 ac
1077 637 1277 720 saepius
1295 659 1591 723 coquunt,

219 719 422 778 donec
464 720 621 778 virus
659 718 976 779 evanescat.
1000 717 1175 778 Multi
1203 722 1470 800 privatim
1508 722 1590 783 sic

218 816 524 859 taurorum
556 843 575 871 ,
616 799 1004 879 leonumque,
1040 819 1105 858 ac
1150 799 1544 880 pantherarum
1563 845 1589 876 ,

220 881 291 940 &
328 879 684 938 camelorum
721 881 949 960 pinguia
978 880 1160 940 curari
1179 879 1404 960 iubent.
1438 879 1589 942 Usus

209 959 450 1020 'dicetur
485 957 592 1018 suis
639 959 803 1019 locis·

306 1037 590 1098 XXXIX.
640 1036 989 1099 Communis
1026 1039 1092 1099 &
1122 1040 1268 1099 ratio
1305 1039 1592 1100 medulla-

210 1139 362 1180 ‘rum
407 1118 509 1179 est.
552 1118 784 1188 Omnes
832 1141 890 1178 m
936 1119 1133 1191 stiunt,
1173 1120 1441 1201 explent,
1474 1121 1590 1181 sic-
1675 1163 1684 1170 -

225 1216 368 1261 cant
401 1243 421 1272 ,
467 1198 863 1260 excalfaciunt.
895 1142 1317 1261 hudatissima
1355 1202 1588 1263 cervina

223 1300 372 1341 mox
429 1281 668 1341 vitulina
688 1326 707 1354 ,
752 1281 886 1340 dein
940 1281 1190 1353 hircina,
1234 1282 1298 1344 ὅ(
1333 1281 1585 1361 caprina.

222 1358 522 1421 Curantur
555 1378 689 1421 ante
729 1377 1063 1421 autumnum
1114 1378 1371 1421 recentes
1410 1361 1583 1435 lotae,

224 1443 572 1522 siccataeque
592 1443 654 1499 in
687 1441 925 1502 umbra:
955 1462 1059 1523 per
1080 1441 1331 1501 cribrum
1364 1440 1498 1501 dein
1520 1442 1586 1502 li·-

223 1538 415 1603 quatae
436 1565 457 1593 ‚
494 1542 600 1601 per
635 1520 810 1581 lintea
849 1524 1285 1603 exprimuntur,
1316 1542 1382 1581 ac
1409 1542 1583 1604 repo·

220 1618 441 1663 nuntur
475 1602 534 1660 in
568 1598 756 1673 fifflli,
780 1600 922 1660 iocis
959 1600 1204 1683 frigidis.

305 1680 438 1741 XL.
478 1679 636 1741 Inter
671 1684 864 1741 omnia
883 1699 1077 1742 autem
1115 1682 1447 1742 communia
1463 1683 1587 1742 ani·

222 1762 469 1824 malium
499 1761 597 1826 vel
632 1760 1079 1843 praestantissimi
1120 1759 1355 1822 effefflis
1375 1760 1457 1822 fel
1480 1760 1586 1824 est.

223 1842 336 1904 Vis
374 1840 498 1922 ejus
539 1842 922 1917 excalfacere,
944 1840 1255 1913 mordere,
1293 1839 1587 1914 scindere,
1672 1843 1676 1847 ’

223 1925 528 1984 extrahere
552 1967 571 1998 ,
600 1921 900 1983 discutere.
935 1921 1235 1981 Minorum
1256 1922 1581 1984 animalium

225 2003 483 2063 subtilius
515 2003 851 2085 intelligitur
868 2046 889 2077 ,
923 2001 1151 2064 &ideo
1179 2001 1251 2062 ad
1281 2003 1585 2066 oculorum

225 2083 654 2163 medicamenta
684 2084 873 2143 utilius
923 2080 1288 2143 existimatur.
1323 2081 1584 2145 Taurino

227 2166 520 2246 praecipua
540 2166 835 2243 potentia,
863 2166 1037 2223 etiam
1082 2166 1141 2223 in
1174 2184 1286 2225 aere
1324 2163 1585 2245 pellibus·

229 2265 347 2326 que
382 2244 585 2305 colore
621 2264 794 2304 aureo
829 2244 1126 2305 ducendis.
1162 2242 1360 2305 Omne
1388 2262 1586 2306 antem

227 2343 462 2385 curatur
501 2345 705 2384 recens
737 2325 1031 2407 praeligato
1068 2344 1170 2385 ore
1207 2324 1329 2384 lino
1368 2323 1585 2395 crassb,

228 2403 534 2465 demissum
562 2406 622 2464 in
653 2403 974 2465 ferventem
1014 2424 1221 2486 aquam
1259 2402 1587 2475 semihora,

226 2507 372 2548 mox
405 2487 687 2546 siccatum
727 2487 848 2545 sine
884 2483 1055 2558 Sole,
1089 2501 1262 2564 atque
1300 2485 1361 2541 in
1406 2482 1587 2541 melle
1641 2515 1646 2519 -

225 2566 554 2628 conditum.
575 2564 895 2625 Damnatur
915 2567 1188 2644 equinum
1212 2605 1231 2635 ,
1263 2563 1482 2621 tantum
1503 2561 1593 2619 in-

224 2665 319 2707 tet
356 2667 626 2709 venena:
658 2644 801 2703 ideo
821 2643 1038 2702 flamini
1062 2640 1348 2701 sacrorum
1374 2660 1587 2722 equum

220 2745 467 2810 tangere
503 2746 627 2785 non
657 2723 824 2798 licet,
845 2723 978 2782 eum
1014 2721 1224 2782 Romae
1252 2719 1493 2802 publicis
1508 2719 1582 2784 sa-
1641 2735 1646 2742 ’

214 2810 335 2871 cris
373 2827 568 2891 equus
601 2807 777 2869 etiam
814 2802 1165 2867 immoletur.
1202 2880 1263 2946 G
1404 2815 1414 2823 ’
1509 2836 1514 2839 2
1565 2808 1570 2817 ’

1289 2904 1351 2964 ¹¹1
