2000 3600
498 288 596 365 92
747 266 821 338 C.
870 267 1223 336 ΡιιΝιι
1275 214 1667 337 Νριτυιι.

402 446 407 450 ,
575 384 793 448 XCIV.
811 384 992 446 Pericl
1021 405 1245 445 *menos
1264 382 1489 446 fruticat
1520 386 1582 447 &
1604 383 1781 467 ipsa,
1807 406 1884 452 ex

482 464 793 527 ‘intervallo
831 467 948 527 duo
984 408 1127 527 golia
1168 465 1385 533 habens
1411 508 1432 540 ,
1472 464 1880 540 subcandida,

491 546 711 607 mollia.
771 545 836 605 In
887 548 1185 607 cacumine
1234 563 1425 606 autem
1466 543 1672 606 semen
1718 549 1881 608 inter

490 623 631 685 folia
673 625 878 687 durum
898 672 921 702 ,
967 628 1034 688 &
1065 627 1242 707 ,quod
1293 623 1522 686 difficile
1586 626 1878 690 vellatur.

491 703 758 768 Nascitur
793 708 853 766 in
882 708 1036 770 arvis
1073 727 1140 767 ac
1181 704 1444 787 sepibus,
1486 707 1876 770 convolvens

492 784 551 845 se
589 787 948 848 adminiculis
995 785 1465 872 quibuscumque.
1485 784 1715 860 Semen
1743 786 1871 867 ejus

491 867 698 928 umbra
724 871 998 929 siccatum
1016 868 1269 940 tunditur
1295 868 1360 928 δι
1380 869 1440 925 in
1473 866 1745 948 pastillos
1781 868 1872 929 di·

493 950 728 1030 geritur.
761 947 844 1007 Hi
882 944 1115 1008 resoluti
1138 947 1340 1007 dantur
1357 947 1417 1006 in
1439 948 1558 1008 vini
1577 949 1705 1008 albi
1731 970 1871 1029 cya·

492 1028 607 1087 this
629 1028 811 1089 tribus
827 1029 1093 1103 ,tricenis
1111 1027 1319 1089 diebus
1332 1027 1407 1088 ad
1427 1027 1679 1090 lienem:
1704 1049 1867 1090 eum·

490 1128 605 1190 que
650 1112 811 1169 urina
852 1126 1087 1169 cruenta
1113 1151 1132 1181 ‚
1173 1124 1269 1168 aut
1305 1127 1408 1187 per
1436 1108 1643 1168 alvum
1690 1110 1866 1169 absu-

489 1191 626 1328 ῧτὶςι
661 1188 823 1281 quod
863 1188 1212 1328 intelsslicgigufi
1226 1209 1259 1247 a
1278 1187 1505 1327 ((11εείωέ
1526 1185 1725 1249 statim
1747 1190 1863 1329 disseg
1977 1253 1978 1280 ἶ

551 1287 734 1327 tinam
772 1283 959 1339 cient,
1133 1289 1171 1327 o
1215 1289 1248 1327 a
1328 1287 1435 1328 eco
1491 1289 1561 1327 a:
1977 1335 1978 1338 Ἴ

489 1331 889 1427 orthopnoicis
930 1346 1185 1428 prosunt.
1228 1347 1460 1408 Partum
1492 1291 1749 1431 φιοὲἶιιιιῗ
1765 1349 1860 1409 ad·

487 1423 729 1570 juvznt,
775 1425 1159 1511 secundasque
1213 1428 1434 1509 pellunt
1490 1447 1640 1510 pota
1683 1429 1858 1491 simili

490 1526 591 1568 mo
637 1529 694 1568 o.

562 1585 755 1649 XCV.
794 1585 1127 1652 Peleeinum
1170 1590 1229 1648 in
1267 1587 1550 1671 segetibus
1593 1591 1850 1652 diximus

482 1666 669 1741 nasci,
698 1666 1029 1729 fruticosam
1067 1669 1352 1735 cauliculis
1376 1712 1395 1742 ,
1431 1666 1586 1731 soliis
1625 1670 1853 1733 ciceris.

347 1802 354 1810 .
483 1742 696 1810 Semen
725 1751 784 1809 in
818 1748 1035 1831 siliquis
1071 1749 1223 1825 fert,
1266 1750 1703 1814 corniculorum
1728 1772 1852 1814 mo·

483 1827 566 1890 do
587 1830 821 1893 aduncis
837 1873 856 1903 ‚
882 1831 1058 1891 ternis
1085 1829 1446 1913 quaternisve
1467 1877 1491 1904 ‚
1528 1835 1709 1913 quale
1771 1831 1851 1891 ‘th

482 1914 756 1973 novimus
777 1956 797 1985 ,
832 1931 1131 1988 amarum,
1170 1910 1465 1974 stomacho
1513 1913 1683 1976 utile.
1725 1854 1852 1975 {d-

482 1986 637 2050 ditur
671 1993 727 2049 in
766 1993 1045 2055 antidota.

556 2064 782 2129 XCVI.
813 2068 1091 2152 Polygala
1120 2072 1295 2152 palmi
1333 2074 1699 2136 altitudinem
1741 2094 1846 2156 pe·

477 2146 582 2221 tit,
620 2150 679 2206 in
730 2148 890 2209 caule
927 2148 1152 2209 summo
1192 2150 1348 2212 foliis
1396 2155 1724 2229 lenticulae,
1748 2174 1843 2236 gu-

475 2221 871 2367 gu‘tadstriao
889 2269 910 2300 ‚
948 2249 1077 2310 quae
1100 2245 1242 2312 pota
1258 2230 1414 2294 laffis
1434 2235 1841 2299 abundantiam

534 2327 585 2367 ci
613 2352 627 2367 .

555 2384 807 2449 XCVII.
844 2386 1118 2449 Poterion
1141 2431 1161 2462 ‚
1184 2407 1283 2451 aut
1308 2386 1413 2472 (ut
1437 2393 1534 2453 alii
1575 2390 1833 2473 vocant)

470 2466 763 2550 phrynion
777 2513 800 2540 ,
822 2470 922 2530 vel
943 2470 1196 2531 neurada
1212 2516 1231 2546 ‚
1255 2471 1340 2531 lar
1381 2473 1414 2534 ὲ
1433 2471 1665 2537 fruticat
1678 2521 1707 2548 ‚
1734 2473 1837 2553 spi·

472 2551 564 2610 nis
592 2549 903 2623 retorrida,
926 2551 1057 2611 lanu
1098 2554 1192 2612 ine
1209 2550 1342 2635 spiss
1393 2599 1414 2626 ,
1433 2550 1587 2616 foliis
1605 2558 1836 2637 parvis,

472 2631 730 2692 rotundis
751 2673 771 2704 ‚
805 2633 1033 2693 ramulis
1130 2635 1287 2715 ngis‚
1305 2637 1611 2709 mollibus,
1629 2635 1832 2704 lentis,

354 2732 361 2737 ’
470 2712 774 2784 tenuibus,
805 2713 1082 2775 flore'lon
1122 2720 1168 2776 o
1191 2759 1213 2788 ‚
1261 2716 1529 2781 herbacei
1568 2716 1823 2778 coloris:

468 2783 699 2852 ‚seminis
732 2791 1061 2891 nulli-usus,
1106 2795 1180 2855 ed
1202 2794 1366 2877 gustu
1400 2810 1568 2862 acuto
1593 2798 1657 2862 &
1683 2793 1827 2857 odo·
