2000 3600
434 252 859 325 Htsroa.
911 254 1059 327 Lib.
1080 255 1382 330 XXVII.
1480 258 1570 356 89

104 430 113 434 ,
175 372 332 437 'dein
374 374 584 436 colore
625 390 846 436 mutato
901 372 1227 439 rubescens.
1271 374 1570 459 Smegma-

179 472 246 515 ta
289 454 641 516 mulieribus
671 452 883 515 faciunt
915 473 989 515 ex
1032 456 1136 517 his.
1159 455 1448 518 Raditum
1463 458 1570 518 de-

188 534 437 597 coctum
485 550 727 616 potum,
752 534 905 597 sanat
945 554 1231 618 arquatos.
1286 537 1571 608 Eadem,

232 614 536 696 riusquam
575 614 915 677 maturescat
940 615 1168 692 semen,
1199 616 1478 694 concisae‚
1501 621 1566 682 &

232 697 335 757 ole
375 698 605 757 siccatae
625 739 647 770 ,
684 697 884 758 alvum
918 696 1137 759 sistunt.
1176 696 1309 758 Post
1335 701 1568 760 maturi·

185 793 383 837 tatem
422 778 573 838 verb
605 775 896 851 ceneclan,
926 777 991 839 ὃ(
1032 780 1100 837 in⁴
1131 776 1439 839 sorbitione
1465 780 1567 840 de·

188 856 384 917 coaae
406 899 428 930 ‚
461 855 876 918 rheumatismis
896 860 1115 919 ventris
1139 857 1472 932 medentur,
1498 861 1561 922 δι

180 958 305 1019 „per
350 935 408 996 se
449 938 599 997 tritae
636 958 723 996 ex·
757 938 902 1019 aqua
939 937 1149 998 caelesti
1179 938 1470 999 bibuntur.

275 1015 616 1078 LXXXIX.
663 1015 840 1098 Oxys
863 1017 1005 1077 folia
1029 1035 1191 1096 terna
1219 1019 1414 1079 habet.
1437 1017 1563 1088 Da-

191 1113 294 1158 tur
314 1096 391 1157 ad
407 1096 773 1157 stomachum
797 1096 1147 1178 dissolutum.
1169 1097 1364 1159 Edunt
1385 1099 1449 1162 &
1471 1100 1569 1182 qui

195 1177 579 1239 enterocelen
605 1177 839 1239 habent.

278 1256 422 1319 XC.
464 1256 952 1339 Polyanthemum
968 1304 987 1334 ‚
1012 1274 1184 1344 quam
1208 1259 1438 1343 quidam
1457 1258 1565 1322 ba·-

194 1339 468 1399 trachion
510 1339 842 1421 appellant,
889 1340 1134 1403 caustica
1171 1343 1236 1402 vi
1278 1341 1563 1403 exulcerat

197 1420 626 1514 cicatriceffz&
652 1420 725 1479 ad
757 1421 1020 1483 colorem
1053 1422 1293 1485 reducit.
1316 1420 1559 1484 Eadem·

197 1500 866 1660 q⁰3133¹¹52532332520
937 1519 1081 1643 523·
1101 1598 1353 1656 vocant,
1389 1601 1562 1665 qum

198 1681 314 1721 nos
357 1659 801 1741 sanguinariam:
834 1684 953 1723 non
989 1664 1267 1724 attollitur
1301 1684 1335 1723 a
1372 1664 1557 1736 terra,

196 1740 360 1803 foliis
397 1756 570 1815 rutae,
600 1738 817 1804 semine
847 1744 1158 1827 graminis:
1198 1741 1395 1805 succus
1433 1742 1558 1822 ejus

199 1819 419 1883 infusus
459 1822 688 1918 naribus
734 1822 1033 1918 supprimit
1070 1823 1401 1918 sanguinem
1436 1845 1454 1883 .·
1494 1824 1572 1894 δι,

200 1918 381 2044 &sums
420 1902 1558 2065 {ffirezffggeffiffiffilgffieffigxsgigig:

202 2061 337 2143 Qui
382 2063 544 2144 plura
626 2085 799 2126 enera
835 2065 1120 2149 polygoni
1142 2063 1389 2140 faciunt,
1412 2066 1558 2129 hanc

200 2164 423 2206 marem
477 2085 719 2226 inteffligi
773 2147 982 2207 volunt
1009 2163 1043 2219 ,·
1090 2146 1480 2229 appellarique
1521 2166 1556 2206 a

130 2252 140 2262 ·
205 2223 573 2285 multitudine
610 2224 870 2301 seminiS,
908 2243 1006 2288 aut
1039 2227 1317 2289 densitate
1339 2225 1559 2287 fruticis

206 2304 550 2386 calligonon.
593 2305 714 2367 Alii
752 2308 1153 2391 polygonaton
1175 2350 1194 2379 ,
1232 2329 1265 2366 a
1288 2305 1560 2386 frequen-

205 2385 287 2445 tia
322 2386 755 2467 geniculorum:
790 2388 880 2448 alii
920 2388 1312 2458 theuthalida‚
1336 2387 1431 2447 alii
1446 2405 1561 2447 car-

207 2466 549 2539 cinethron,
578 2466 669 2526 alii
708 2467 891 2531 clema
918 2513 938 2542 ,
987 2469 1155 2531 multi
1196 2482 1564 2548 myrtopeta-

206 2547 330 2606 lon.
359 2545 488 2607 Nec
524 2567 644 2607 non
682 2548 1080 2622 inveniuntur,
1106 2552 1205 2630 qui
1222 2548 1370 2633 hanc
1404 2544 1564 2604 semi-

208 2646 345 2687 nam
383 2625 495 2687 effe
533 2627 1011 2689 dicunttmarem
1034 2643 1225 2687 autem
1242 2643 1563 2700 majorem,

208 2707 501 2789 minusqne
521 2709 780 2789 nigram,
812 2707 876 2768 δι
910 2706 1179 2788 geniculis
1203 2703 1559 2782 densiorem,

209 2786 418 2851 semine
461 2786 564 2850 sub
613 2787 879 2850 omnibus
932 2785 1085 2852 foliis
1121 2780 1557 2871 turgescentem.
