2000 3600
393 191 537 264 Ht
556 211 606 263 s·
628 211 835 268 roza.
862 190 1358 267 Lib.XXV111.
1446 213 1571 293 ¹3¹

212 310 359 377 elec.
393 312 478 376 Et
522 312 907 395 dysentericis
940 312 1180 395 prodest
1206 313 1385 375 illitus
1408 316 1588 390 cinisj

211 393 496 476 potusque
545 397 826 476 quantum
859 396 1042 457 tribus
1065 395 1256 479 digitis
1286 415 1353 455 ca
1396 396 1587 471 iatur,

209 477 266 538 ἅ
295 476 697 552 comitialibus
726 475 965 537 morbis.
986 474 1232 536 Urinam
1261 474 1323 538 fu
1369 478 1585 539 onibus

209 556 577 617 utilissimam
615 553 730 618 effe
764 556 993 618 tradunt
1015 577 1035 615 t
1060 558 1322 640 itemque
1365 557 1586 618 ulceri-

207 634 307 697 bus
351 637 731 699 manantibus
770 660 786 699 t
824 637 1106 699 Barbaros
1164 658 1293 699 eam
1350 635 1582 701 servare

208 719 612 801 quinquennio
634 762 658 790 ,
694 719 762 783 &
809 718 1056 779 heminis
1098 718 1243 799 poti
1274 719 1430 779 ciere
1488 719 1580 781 al-

207 817 360 859 vum.
404 797 582 860 Setas
615 820 650 859 e
676 798 859 860 cauda
889 814 1218 872 contortas,
1242 799 1310 873 ὃς
1351 798 1582 864 sinistro

207 874 436 940 brachio
487 882 593 941 alli
633 898 752 941 atas
789 881 1079 962 quartanis
1125 879 1369 941 mederi.

284 958 545 1021 XXVII.
631 980 867 1042 yaenam
891 961 1047 1043 magi
1072 980 1147 1020 ex
1168 962 1442 1021 omnibus
1456 961 1581 1022 ani.-

211 1040 442 1102 malibus
466 1041 806 1110 inmaxima
829 1041 1209 1103 admiratione
1228 1039 1541 1122 posuerunt
1554 1085 1582 1115 ,

213 1137 274 1180 ut
305 1139 446 1201 pote
492 1124 594 1182 cui
634 1124 702 1183 &
743 1122 856 1204 ipsi
896 1123 1150 1204 magicas
1198 1136 1349 1182 artes
1393 1122 1581 1183 dede-

212 1201 351 1275 rint,
373 1205 626 1286 vimque
646 1227 673 1276 ,·
704 1202 820 1284 qua
859 1202 1069 1263 alliciat
1103 1201 1176 1262 ad
1211 1199 1272 1263 se
1307 1201 1581 1265 homines

212 1279 394 1343 mente
433 1285 742 1344 alienatos.
787 1279 889 1343 De
924 1283 1348 1364 permutatione
1410 1282 1580 1346 sexus

215 1364 389 1422 annua
421 1367 565 1425 vice
610 1364 893 1437 diximus,
933 1382 1240 1445 ceteraque
1279 1363 1356 1425 de
1397 1385 1579 1426 mon-

215 1438 408 1505 strifica
425 1444 638 1506 natura
658 1442 781 1523 ejus
801 1467 817 1506 z
837 1464 987 1504 nunc
1044 1442 1411 1526 ersequernur
1420 1466 1578 1528 quae-

167 1598 172 1602 .
218 1541 453 1607 cumque
507 1525 817 1587 medicinis
861 1527 983 1606 ’pro
1027 1541 1216 1586 untur.
1282 1524 1577 1607 Praeeipue

214 1606 496 1684 pantheris
534 1607 745 1667 terrori
779 1603 889 1666 effe
924 1607 1208 1677 traditur,
1254 1624 1316 1667 ut
1353 1627 1430 1667 ne
1463 1628 1577 1668 co-

220 1702 409 1746 nentur
452 1687 699 1771 quidem
739 1684 1031 1749 resisteret
1055 1688 1122 1750 &
1150 1686 1221 1746 ali
1303 1687 1365 1748 id
1399 1708 1432 1748 e
1477 1708 1578 1749 co·

217 1766 299 1826 rio
328 1766 449 1849 ejus
492 1769 804 1829 habentem
838 1788 957 1829 non
995 1769 1212 1851 appeti.
1225 1708 1578 1850 ‘Uirumque

216 1845 353 1908 dian
370 1895 390 1922 ,
412 1851 469 1910 si
498 1850 681 1930 pelles
701 1847 989 1930 utriusque
1018 1849 1321 1910 contrariae
1339 1846 1579 1929 suspen-

219 1925 452 2003 dantur,
491 1930 767 1991 decidere
840 1930 951 1989 ilos
974 1928 1286 2010 pantherae.
1311 1924 1469 1990 Ciam
1487 1929 1577 1992 fu-

218 2009 360 2089 giant
399 2028 713 2074 venantem
728 2057 746 2081 ,
815 2012 1062 2071 eclinare
1086 2009 1160 2069 ad
1182 2010 1439 2072 dextram
1459 2056 1480 2087 ,
1508 2028 1576 2074 ut

218 2096 600 2176 praetergressi
655 2092 906 2153 hominis
965 2089 1205 2175 vestigia
1262 2107 1581 2175 occupent:

221 2166 394 2248 Quod
432 2175 482 2233 si
531 2171 887 2248 success‘erit‚
925 2173 1160 2234 alienari
1217 2193 1410 2237 mente
1432 2221 1455 2248 ‚
1501 2196 1573 2236 ae

221 2251 309 2312 vel
343 2275 414 2314 ex
459 2274 615 2336 equo
649 2254 943 2315 hominem
988 2254 1279 2316 decidere.
1323 2256 1410 2317 At
1440 2257 1573 2316 siin

219 2327 409 2395 laevam
449 2333 778 2407 detorserit,
813 2333 1135 2396 deficientis
1167 2354 1572 2418 argumentum

220 2409 358 2487 effe,
387 2416 755 2497 celeremque
807 2435 1123 2496 capturam.
1178 2415 1426 2477 Facilius
1465 2435 1574 2475 au-

216 2505 328 2553 tem
368 2498 495 2578 capi
513 2541 553 2571 ,,
577 2499 626 2556 si
660 2494 878 2556 cinElus
906 2494 1038 2558 suos
1075 2514 1355 2572 venator,
1381 2493 1577 2576 flagel-

217 2569 465 2658 lumque·
496 2579 835 2657 imperitans
876 2597 1034 2658 equo
1078 2574 1328 2655 septenis
1387 2575 1579 2658 alliga-

217 2659 355 2717 verit
397 2658 590 2719 nodis.
632 2654 821 2727 Mox,
854 2672 918 2716 ut
961 2653 1047 2716 est
1088 2652 1266 2716 solers
1317 2656 1576 2741 malvagi·-

213 2729 315 2798 bus
357 2741 952 2819 vanitas-magontia,
987 2736 1119 2821 capi
1137 2734 1345 2884 jugeri-t
1374 2734 1577 2804 Gemi·

1269 2841 1333 2905 VJ
