2000 3600
309 265 1252 343 Htsron.1.ib.xxv1n.
1365 292 1497 366 ¹17

169 379 460 450 'duracium
482 387 572 448 alli
613 403 770 448 antes
798 392 1042 449 novenis
1063 388 1383 473 septenisve
1403 412 1507 455 no·

170 467 277 540 dis,
300 469 370 529 ad
410 471 573 551 singu
598 489 664 529 os
698 473 1062 530 nominantes
1104 471 1338 533 viduam
1391 472 1526 546 ali-‚

203 569 321 608 uam
336 593 354 620 ‚
375 568 548 632 atque
578 550 659 609 ita
691 549 904 631 inguini
928 550 1311 635 adalligantes.
1332 551 1499 616 Licio

172 568 224 689 21
260 629 480 689 clavum
514 629 744 691 aliudve
763 672 785 701 ,
811 630 972 711 quod
997 633 1123 711 quis
1145 633 1449 694 calcaverit
1469 677 1495 709 ‚

173 703 433 791 alligatum
471 708 627 792 ipsos
668 706 875 789 jubent
911 730 1154 793 gerere,
1192 732 1262 772 ne
1296 714 1366 773 sir
1386 712 1502 774 do-

172 787 264 851 lori
294 790 516 852 vulnus.
548 789 835 850 Verrucas
878 792 1136 851 avellunt
1159 814 1192 852 a
1224 794 1504 857 vicesimi

172 865 310 931 Luna
329 915 346 939 ,
378 875 436 931 in
464 870 739 931 limitibus
771 869 989 950 supinii
1037 872 1458 935 faminruentes
1478 914 1504 949 ,

176 949 303 1011 ultra
330 970 502 1032 caput
524 950 783 1012 manibus
810 972 982 1032 porte
1040 956 1116 1022 ’s,
1141 954 1204 1014 &
1225 953 1509 1035 quidquid

176 1030 618 1111 adprehendere,
662 1051 737 1091 eo
776 1029 1067 1093 fricantes.
1111 1031 1361 1092 Clavum
1390 1054 1515 1094 cor·

178 1114 342 1195 potis,
371 1115 506 1175 cum
547 1112 699 1173 cadit
729 1108 929 1181 stella..
962 1115 1009 1171 si
1038 1113 1165 1193 quis
1187 1111 1512 1196 distringat,

179 1191 261 1251 vel
289 1195 395 1255 cirb
431 1192 614 1254 sanari
651 1194 841 1265 aiunt,
864 1193 1189 1253 cardinibus
1222 1190 1505 1256 ostiorum

127 1301 137 1314 κ
180 1289 323 1334 aceto
354 1272 597 1336 adfuso:
637 1271 817 1334 lutum
843 1272 1015 1333 fronti
1049 1274 1285 1349 illitum,
1305 1277 1540 1357 capitisa

184 1350 417 1416 dolorem
439 1353 674 1415 sedaret
705 1355 845 1414 item
883 1353 1153 1435 laqueum
1178 1352 1512 1437 suspendio-

184 1432 225 1493 si
252 1434 653 1496 circumdatum
687 1435 1066 1515 temporibus.
1100 1432 1160 1494 Si
1181 1435 1366 1517 quide
1390 1433 1511 1518 pis-

187 1534 243 1573 ce
268 1513 479 1577 haeserit
511 1513 766 1576 faucibus
784 1557 805 1586 ‚
829 1517 887 1575 in
910 1535 1116 1598 aquam
1141 1514 1399 1576 demissis
1419 1516 1519 1577 fri·

186 1593 348 1676 gidam
392 1596 672 1679 pedibus,
715 1594 941 1656 cadere.
984 1594 1045 1656 Si
1088 1596 1235 1657 verb
1279 1616 1352 1657 ex
1388 1595 1539 1658 aliis‘

188 1675 414 1751 ossibus,
453 1676 740 1758 impositis
779 1676 950 1758 capiti
997 1697 1073 1738 ex
1116 1676 1330 1737 eodem
1375 1675 1536 1739 vase

189 1758 435 1821 ossiculis.
475 1755 540 1820 Si
578 1758 736 1839 panis
779 1757 1032 1832 haereat,
1072 1777 1147 1818 ex
1187 1758 1402 1819 eodem
1451 1758 1516 1822 in

191 1853 343 1899 utram
383 1860 459 1900 ue
502 1859 699 1898 aurem
746 1837 1160 1919 addito'pane.

253 1917 356 1981 XII
384 1964 400 1983 .
430 1918 600 1998 Quin
620 1920 684 1981 δι
710 1917 908 1979 sordes
934 1916 1187 1977 hominis
1211 1917 1272 1978 in
1290 1918 1511 2001 magnis
1539 1976 1544 1981 ,

190 1993 354 2061 fecere
397 1999 671 2061 remediis
722 1995 1170 2081 quaestuosorum
1219 2001 1517 2081 gymnasia

193 2076 529 2142 Graecorum:
551 2081 768 2161 quippe
798 2099 866 2140 ea
884 2076 1212 2161 strigmenta
1225 2080 1520 2154 molliunt,

193 2158 492 2230 calfaciunt,
517 2159 822 2221 discutiunt
837 2204 856 2234 ,
879 2159 1202 2242 complent,
1221 2158 1427 2224 sudore
1448 2163 1518 2223 &

152 2303 159 2308 ,
196 2236 311 2301 oleo
338 2242 678 2304 medicinam
701 2239 1058 2301 facientibus.
1078 2239 1288 2301 Vuliris
1300 2243 1522 2301 inflam-

196 2323 340 2382 matis
362 2368 383 2395 ,
413 2319 824 2402 contraflisque
866 2322 1271 2383 admoventur.
1310 2319 1403 2381 Sic
1449 2320 1554 2391 δι,

197 2400 395 2464 menses
416 2406 604 2464 cient:
630 2400 776 2462 sedis
800 2403 1279 2462 inflammationes
1299 2401 1363 2463 &
1382 2420 1527 2461 con·

197 2478 473 2563 dylomata
508 2483 767 2543 leniunt:
805 2484 945 2542 item
989 2502 1303 2544 nervorum
1339 2480 1521 2539 dolo·
1553 2544 1560 2549 ,

197 2579 277 2622 tes
294 2605 313 2636 ‚
348 2564 567 2637 luxata,
590 2561 956 2622 articulorum
978 2562 1190 2623 nodos.
1226 2556 1556 2637 Efficacio-¹

198 2642 328 2702 raad
345 2645 548 2704 eadem
564 2687 582 2716 ,
605 2640 938 2721 strigmenta
953 2661 983 2696 a
1003 2638 1241 2698 balineis
1259 2679 1281 2704 ‚
1305 2635 1527 2699 &ideo

196 2719 481 2785 miscentur
490 2720 897 2804 suppuratoriis
907 2717 1357 2779 medicamentis.
1373 2715 1433 2778 N
1433 2738 1526 2780 am

195 2798 318 2879 ina,
345 2822 474 2887 quae
509 2802 640 2871 sunt
675 2821 710 2865 e
744 2816 1066 2887 ceromate,
1084 2796 1368 2882 permixta
1400 2819 1532 2889 πως
