2000 3600
417 242 561 321 372
661 219 738 292 C.
784 217 1152 288 ΡιιΝιι
1200 212 1587 284 NATUR.

421 355 721 425 ungantur.
758 333 985 398 Mullos
1025 333 1088 395 in
1128 331 1262 394 cibo
1299 329 1532 394 inutiles
1584 330 1839 399 nervis
1950 354 1951 421 l

419 423 677 486 invenio.
1062 470 1071 476 .
1804 430 1811 439 '

503 498 692 565 XLII.
735 496 848 559 San
927 497 1091 557 inem
1116 493 1254 556 fieri
1274 493 1518 577 piscium
1534 494 1689 558 cibo
1702 517 1836 579 pu·-

423 599 580 655 tant‚
616 578 734 640 sisti
771 599 852 660 po
877 598 1009 659 ypo
1040 575 1169 637 tuso
1204 576 1501 658 illitoque.
1537 576 1640 640 De
1728 599 1824 638 uo

393 666 492 738 ,δι
518 662 646 725 haec
680 660 981 721 traduntur
1017 658 1302 719 :muriam
1333 655 1524 740 ipsum
1565 679 1640 720 ex
1708 656 1823 719 ese

423 745 730 816 emittere,
770 743 835 803 &
866 738 1007 800 ideo
1044 759 1165 798 non
1203 738 1421 800 debere
1446 739 1814 800 addiinco-

425 823 669 908 quendo
692 846 708 884 ι
735 820 909 882 secari
941 819 1254 881 arundinei
1288 818 1444 881 ferro
1486 822 1646 881 enim
1668 818 1822 881 infi-

424 907 517 980 ci,
541 906 856 985 vitiumque
883 901 1111 962 trahere
1132 901 1334 962 natura
1352 901 1682 962 desinente.
1700 899 1817 963 Ac!

429 983 763 1069 sanguinem
801 980 1118 1043 sistendum
1161 983 1229 1046 ὃ(
1268 1001 1529 1043 ranarum
1570 984 1813 1045 illinunt

432 1069 727 1141 cinerem,
764 1064 867 1126 vel
892 1062 1223 1145 sanguinem
1257 1061 1588 1125 arefactum.
1632 1063 1809 1143 Qui-

433 1149 576 1213 dam
613 1168 688 1210 ex
726 1144 799 1207 ea
835 1143 1010 1217 rana,
1040 1164 1215 1227 quam
1252 1142 1449 1206 Graeci
1491 1145 1806 1206 calamiten

434 1245 654 1293 vocant
678 1271 698 1302 ,
742 1228 1023 1308 quoniam
1076 1228 1229 1287 inter
1270 1225 1586 1287 arundines
1632 1226 1807 1287 fruti-

431 1307 641 1393 cesque
676 1308 874 1379 vivat,
903 1308 1144 1368 minima
1178 1309 1445 1368 omnium
1478 1310 1544 1371 &
1575 1308 1809 1370 viridis·

435 1392 614 1460 sima,
649 1387 978 1471 sanguinem
1019 1390 1352 1451 cineremve
1405 1386 1530 1450 fieri
1575 1387 1807 1469 jubent.

433 1471 745 1553 Aliqui&
782 1467 1137 1530 nascentium
1191 1489 1457 1531 ranarum
1507 1470 1565 1530 in
1612 1469 1804 1552 aqua,

437 1552 649 1636 quibus
696 1550 880 1612 adhuc
919 1550 1100 1612 cauda
1137 1548 1265 1621 est,
1294 1552 1355 1610 in
1383 1550 1593 1631 calyce
1634 1573 1801 1614 novo

437 1629 865 1695 combustarum
909 1633 1211 1704 cinerem,
1240 1633 1288 1691 si
1325 1653 1428 1712 per
1446 1652 1608 1692 nares
1627 1634 1799 1707 fluat,

437 1709 836 1795 injiciendum.
855 1709 1140 1774 Diversus
1153 1712 1504 1786 hirudinum,
1521 1734 1666 1796 quas
1681 1714 1805 1775 san-

438 1793 701 1880 guisugas
744 1813 959 1856 vocant
977 1840 1004 1867 ‚
1036 1794 1109 1856 ad
1147 1794 1559 1857 extrahendum
1581 1794 1803 1880 sangui-

438 1898 581 1939 nem
641 1874 770 1938 usus
807 1874 907 1940 est.
955 1875 1202 1958 Quippe
1246 1876 1452 1937 eadem
1500 1879 1650 1939 ratio
1699 1899 1803 1940 ea-

436 1978 602 2031 rum,
633 1977 764 2039 quae
783 1957 1207 2019 cucurbitarum
1237 1958 1666 2020 medicinalium
1682 2005 1706 2033 ,
1726 1958 1802 2022 ad

438 2058 691 2119 corpora
724 2036 977 2101 levanda
1012 2038 1108 2102 san
1149 2042 1281 2101 uine
1303 2085 1324 2114 ,
1361 2037 1705 2122 spiramenta
1732 2041 1806 2101 la-

436 2120 655 2191 xanda,
684 2115 988 2195 judicatur.
1034 2059 1154 2182 Seffi
1191 2122 1451 2196 vitium,
1494 2123 1657 2205 qubd
1695 2122 1807 2184 ad·-

435 2196 611 2261 miffae
655 2196 836 2278 semel
871 2200 1230 2261 desiderium
1261 2201 1477 2264 faciunt
1513 2205 1664 2265 circa
1705 2224 1806 2265 ea-

438 2277 579 2342 dem
614 2294 884 2360 tempora
919 2282 1053 2340 anni
1093 2278 1323 2364 semper
1372 2282 1626 2364 ejusdem
1675 2305 1807 2347 me-

438 2361 664 2424 dicinae.
711 2358 891 2423 Multi
961 2362 1197 2445 odagris
1227 2385 1464 2448 quoque
1500 2366 1808 2429 admitten-

436 2442 540 2508 das
576 2439 866 2504 censuere.
996 2444 1229 2506 ecidunt
1250 2443 1505 2520 satiata»,
1544 2448 1612 2511 δι
1656 2469 1809 2530 pon·

436 2524 576 2590 dere
609 2520 734 2604 ipso
769 2521 1053 2606 sanguinis
1097 2524 1395 2599 detra&ae‚
1432 2545 1532 2590 aut
1570 2529 1686 2591 sale
1712 2530 1810 2592 ad-

430 2603 656 2688 sperfae.
681 2603 1018 2687 Aliquando
1047 2622 1243 2668 tamen
1262 2606 1452 2669 adfixa
1472 2608 1810 2693 relinquunt

428 2688 619 2765 capita
638 2731 659 2760 ,
700 2706 830 2767 quae
863 2687 1027 2749 causa
1061 2689 1307 2751 vulnera
1341 2687 1680 2751 insanabilia
1724 2691 1813 2753 fa·

426 2767 537 2841 cit,
568 2767 638 2834 δι
670 2767 888 2832 multos
914 2770 1191 2833 interimit
1208 2814 1233 2848 ,
1255 2772 1405 2836 sicut
1423 2769 1810 2844 Meffalinnn
