2000 3600
441 296 592 367 ²24
691 274 772 346 C.
818 273 1208 342 Ριιπιι
1258 269 1635 342 Nava.

441 392 590 457 Βάκ
627 391 887 472 Quidam
925 389 1008 450 ob
1055 389 1117 451 id
1154 388 1447 449 edendum
1494 388 1775 449 dedet-nne

440 474 644 556 Aliqui
677 473 742 532 &
777 492 1045 533 vermem
1088 491 1123 530 e
1165 471 1449 530 cadavere
1473 472 1665 529 canino
1685 466 1785 526 ad·-

442 556 746 637 alligavere
771 550 1171 613 :menstruave
1195 553 1352 609 canis
1375 553 1435 609 i'n
1455 569 1637 631 panno
1658 546 1781 607 subs

441 635 639 697 didere
681 632 901 716 calyci,
933 650 1033 691 aut
1067 634 1219 691 intus
1258 632 1439 710 ipsius
1475 630 1659 689 caudae
1696 628 1781 708 pii

441 714 532 776 los
570 711 908 773 combustos
944 709 1169 771 insuere
1205 712 1455 771 vulneri.
1496 707 1615 770 Cor
1646 707 1781 768 cani&

438 815 581 855 num
613 793 921 854 habentem
953 791 1178 873 fugiunt
1213 811 1406 852 canes.
1437 789 1575 850 Non
1596 788 1781 849 latrant

437 876 590 938 verb
610 917 637 947 ‚
657 873 852 953 lingua
891 873 1090 932 canina
1130 873 1189 931 in
1247 872 1634 932 calceamento
1665 867 1780 928 sub-

440 955 565 1016 dita
708 954 819 1014 llici
851 976 866 1014 ε
908 970 1005 1013 aut
1041 951 1283 1012 caudam
1351 950 1637 1023 mustelae,
1667 966 1787 1031 quae

442 1033 623 1099 abst-is
701 1031 920 1096 dimiffa
945 1036 1047 1106 sit,
1081 1032 1375 1094 habentes,
1415 1031 1512 1092 Est
1532 1033 1688 1092 limus
1702 1027 1783 1088 sa·

437 1116 581 1179 livae
627 1114 729 1175 sub
763 1113 954 1197 lingua
986 1113 1197 1173 rabiosi
1232 1116 1418 1183 canis,
1444 1114 1541 1194 qui
1566 1113 1714 1172 datus
1727 1110 1788 1170 in

447 1214 629 1280 potu,
653 1194 777 1254 fieri
803 1194 1228 1275 hydrophobos
1252 1214 1372 1253 non
1391 1195 1613 1273 patitur.
1636 1190 1791 1251 Mul-

444 1279 511 1338 fb
553 1293 747 1336 tamen
780 1274 1076 1334 utilissimi:
1110 1270 1275 1352 jecut·
1315 1272 1438 1352 ejus
1459 1317 1486 1346 ,
1513 1276 1612 1355 qui
1641 1274 1696 1332 in
1711 1284 1797 1330 ra·³

442 1356 549 1418 bie
585 1354 964 1414 momorderit
986 1396 1009 1426 ‚
1066 1353 1269 1426 datur,
1318 1357 1366 1413 si
1403 1356 1588 1434 possit
1639 1345 1754 1412 ίὶεῗὶ
1767 1368 1799 1424 ,·

442 1434 687 1498 crudum
727 1433 1155 1494 mandendum:
1189 1434 1237 1493 si
1277 1436 1504 1508 minhs,
1559 1454 1674 1515 quo
1746 1451 1789 1493 o

443 1515 634 1579 modo
673 1517 938 1586 coEium,
964 1530 1060 1574 aut
1093 1512 1185 1594 jus
1210 1513 1388 1575 coffis
1409 1453 1796 1576 carnibusffist

444 1596 798 1675 vermiculos
825 1598 884 1655 in
926 1595 1119 1678 lingua
1160 1616 1405 1668 canum,
1445 1597 1544 1676 qui
1565 1596 1799 1656 vocatur

445 1697 482 1739 a
532 1675 753 1739 Graecis
783 1677 970 1757 lytta‚
1015 1697 1134 1758 quo
1184 1692 1459 1759 exempto
1499 1674 1798 1736 infantibus

448 1757 649 1820 catulis
670 1801 690 1831 ,
741 1777 850 1819 nee
904 1756 1086 1817 rabidi
1138 1753 1282 1818 fiunt
1301 1802 1321 1830 ,
1359 1777 1469 1820 nec
1522 1755 1803 1819 fastidium

446 1838 710 1901 sentiunt.
748 1836 918 1900 Idem-
952 1854 1040 1898 ter
1078 1839 1194 1920 igni
1243 1838 1605 1899 circumlatus
1633 1884 1654 1913 ,
1696 1836 1803 1898 da-·

447 1937 544 1982 tur
578 1920 788 1981 morsis
828 1941 862 1979 a
904 1916 1164 1991 rabioso,
1199 1939 1273 1980 ne
1313 1919 1497 1979 rabidi
1530 1917 1692 1980 fiant.
1727 1916 1803 1980 Et

446 2000 743 2062 cerebello
777 1999 1096 2081 gallinaceo
1134 2001 1469 2060 occurritur.
1506 1997 1700 2061 Sedid
1715 1998 1805 2059 de·

444 2097 716 2140 voratum
751 2100 902 2139 anno
957 2083 1180 2141 tanthm
1223 2101 1296 2142 eo
1336 2078 1594 2161 prodest.
1627 2079 1805 2141 Aiunt

444 2159 513 2221 &
545 2158 768 2220 cristam
799 2159 933 2239 galli
972 2163 1279 2222 contritam
1299 2159 1610 2222 efficaciter
1623 2163 1809 2241 impo-

442 2239 538 2312 ni,
574 2240 641 2301 &
679 2236 889 2299 anseris
917 2240 1152 2320 adipem
1191 2263 1324 2303 eum
1355 2242 1546 2303 melle.
1587 2238 1811 2301 saliua-z

440 2335 536 2381 tur
574 2319 639 2384 &
675 2338 872 2380 carnes
907 2337 1111 2380 eorum
1131 2364 1151 2395 ,
1177 2324 1277 2403 qui
1316 2322 1498 2383 rabidi
1538 2320 1813 2394 fixerunt,·

442 2400 520 2461 ad
557 2400 759 2462 eadem
802 2401 1058 2461 remedia
1095 2401 1157 2461 in
1192 2403 1327 2465 cibo
1362 2403 1586 2465 dandae.
1639 2401 1803 2482 Quin

443 2482 512 2545 &
552 2497 824 2543 necantur
857 2482 1031 2541 catuli
1072 2479 1258 2543 statim
1303 2486 1363 2543 in
1396 2483 1584 2566 aqua,
1616 2484 1694 2545 ad
1725 2480 1808 2542 se-

440 2583 584 2623 xum
630 2559 752 2643 ejus
790 2562 890 2645 qui
934 2563 1361 2638 momorderit,
1399 2582 1466 2625 ut
1496 2562 1668 2642 jecur
1687 2573 1817 2624 crui

443 2640 586 2702 dum
614 2643 926 2705 devoretur
975 2664 1051 2703 ex
1091 2646 1182 2704 iis.
1222 2640 1460 2704 Prodest
1496 2645 1562 2705 &
1606 2642 1815 2705 fimum‘

439 2721 817 2803 gallinaceum
830 2768 852 2798 ‚
871 2724 1165 2784 dumtaxat
1178 2721 1366 2785 rufum
1380 2767 1400 2797 ,
1419 2743 1492 2785 ex
1505 2743 1683 2786 aceto
1698 2726 1813 2785 im·

437 2803 731 2881 positum:
763 2804 831 2866 &
870 2805 1049 2865 muris
1081 2805 1274 2865 aranei
1307 2804 1508 2866 cauda
1531 2804 1808 2881 cinis,ita
