2000 3600
478 198 1392 302 H1sro12.-Lib.xxv1.
1507 254 1591 322 μ

302 347 604 431 Praecipue
647 365 841 409 tamen
875 347 1248 410 charnaeaRes
1278 348 1478 410 succus
1503 370 1606 432 ap-

217 431 484 492 tissimus
506 430 777 491 creditur.
800 428 1148 510 Eruptiones
1170 432 1389 511 pituitae
1408 451 1610 491 emen·

212 511 367 571 dant
407 512 678 592 plantago
703 554 724 584 ,
756 511 1067 592 cyclamini
1106 512 1267 572 radix
1308 532 1341 571 e
1380 511 1557 572 melle
1583 533 1602 572 t

215 592 388 653 ebuli
408 590 548 652 folia
576 596 736 661 trita,
772 594 835 653 &
875 612 909 652 e
942 611 1142 653 vetere
1180 594 1320 652 vino
1358 593 1606 672 impos'r-

212 688 283 733 ta
328 673 505 731 etiam
544 671 719 731 boam
776 669 1012 744 sanant,
1062 673 1122 733 id
1162 670 1278 745 est,
1323 673 1600 734 rubentes

206 774 292 836 pa
338 751 481 812 ulas.
522 751 881 833 pruriginem
902 750 1100 812 succus
1121 749 1376 832 strychni
1401 751 1597 815 illitus.

295 774 583 892 {XXIW
607 830 731 913 lgni
753 830 910 893 sacro
931 831 1198 892 medetur
1231 833 1490 894 aizoum:
1511 832 1595 895 fo·

207 912 299 974 lia
317 915 451 971 trita
465 915 695 973 cicutae:
717 914 1110 994 mandragorae
1132 912 1310 973 radix.
1357 911 1593 975 Secatur

208 994 280 1053 in
291 991 434 1052 asses
455 1011 518 1053 ut
532 994 817 1053 cucumis:
833 993 1140 1073 primoque
1158 991 1327 1074 super
1343 992 1594 1055 mustum

213 1071 578 1153 suspenditur
594 1117 616 1144 ,
644 1093 787 1132 mox
811 1075 870 1133 in
890 1071 1083 1132 fumo:
1108 1071 1241 1132 dein
1264 1073 1518 1133 tunditur
1533 1075 1591 1155 in

212 1155 363 1215 vino
388 1171 484 1214 aut
508 1170 696 1214 aceto.
733 1150 971 1214 Prodest
992 1154 1053 1214 δι
1079 1156 1219 1213 vino
1241 1171 1479 1233 myrteo
1503 1153 1594 1217 fo-

211 1253 393 1295 vere:
413 1253 626 1293 mentae
649 1232 872 1293 sextans
890 1278 913 1306 ,
929 1235 1055 1293 vivi
1075 1232 1355 1314 sulphuris
1377 1236 1546 1295 uncia
1562 1278 1586 1311 ,

213 1335 293 1375 ex
316 1331 490 1374 aceto
528 1314 696 1373 simul
729 1316 892 1374 trita:
917 1312 1100 1395 fuligo
1123 1335 1194 1374 ex
1213 1331 1397 1375 aceto.
1433 1313 1586 1397 Ignis

207 1393 356 1456 sacri
378 1395 542 1476 plura
564 1393 688 1454 sunt
711 1414 922 1475 genera
938 1438 958 1467 ‚
986 1397 1134 1454 inter
1156 1417 1284 1476 quae
1325 1397 1585 1458 medium

206 1476 521 1537 hominem
566 1475 821 1534 ambiens
843 1520 864 1548 ‚
895 1477 991 1555 qui
1029 1473 1214 1534 zoster
1234 1476 1584 1557 appellatur,

207 1556 280 1618 &
309 1572 559 1629 enecat,
607 1558 653 1614 si
692 1557 951 1615 cinxerit.
1004 1554 1281 1615 Medetur
1315 1556 1505 1637 planta
1543 1576 1584 1618 o

206 1657 346 1699 cum
383 1636 541 1696 creta
565 1632 852 1708 Cimolia,
878 1636 938 1696 δι
978 1634 1324 1715 peristereos
1360 1656 1464 1718 per
1511 1657 1594 1709 e:-

204 1716 377 1777 radix
417 1713 736 1797 persolatae.
773 1714 922 1775 Aliis
945 1737 1075 1797 quae
1113 1713 1387 1796 serpunt,
1409 1734 1584 1796 coty-

206 1797 444 1870 ledonis
477 1796 639 1858 radix
676 1817 809 1857 cum
845 1795 1067 1870 mulso,
1086 1799 1356 1870 aizoum,
1385 1795 1584 1860 succus

204 1876 517 1946 linozostis
549 1897 624 1939 ex
661 1895 852 1938 aceto.

291 1957 540 2021 LXXV.
596 1980 689 2020 12.
728 1957 916 2038 Radix
955 1957 1270 2040 polypodii
1306 1955 1444 2018 illita
1488 1956 1581 2019 lu·

199 2043 356 2102 xatis
379 2041 665 2100 medetur.
685 2038 1093 2120 Doloremque
1115 2041 1449 2101 &tumores
1471 2038 1582 2100 tol·

200 2120 331 2182 lunt
361 2119 561 2181 semen
591 2118 819 2203 psyllii,
851 2119 990 2181 folia
1043 2119 1376 2202 plantaginis
1417 2117 1577 2195 tusa,

203 2200 321 2263 sale
355 2203 600 2262 modico
626 2202 824 2262 addito
852 2198 1152 2263 :verbasci
1172 2200 1369 2261 semen
1404 2220 1475 2260 ex
1499 2202 1580 2260 vi·

203 2303 285 2344 no
339 2281 651 2343 decoftum
694 2283 759 2345 &
796 2283 1103 2344 contritum
1141 2301 1158 2340 ε
1207 2283 1395 2341 cicuta
1444 2299 1577 2343 cum

203 2384 352 2424 axun
394 2364 467 2424 ’ἱ
506 2361 671 2422 Folia
709 2363 1007 2442 ephemeri·
1037 2359 1336 2422 tuberibus
1380 2375 1579 2420 tumo-

204 2383 473 2584 ribuzie
513 2441 811 2505 illinuntur
831 2487 852 2517 ,
884 2463 1013 2524 quae
1046 2442 1361 2512 etiamdum
1394 2436 1580 2499 discu-

210 2539 259 2586 ti
333 2546 371 2584 o
416 2539 543 2586 unt.

291 2546 562 2665 {XXVL
583 2602 869 2664 Morbum
896 2604 1122 2683 regium
1142 2604 1201 2659 in
1226 2597 1414 2657 oculis
1441 2616 1577 2676 pra.

203 2683 377 2765 cipue
411 2686 610 2746 mirari
655 2679 776 2755 est,
826 2683 1164 2741 tenuitatem
1197 2677 1354 2738 illam
1385 2675 1576 2738 densi·

201 2780 502 2851 tatemque
544 2764 871 2828 tunicarum
911 2759 1048 2825 felle
1088 2758 1384 2824 subeunte.
1414 2756 1575 2858 Jiip·
