2000 3600
379 275 817 347 Htsroa.
858 271 1272 350 Lib.XXX.·
1410 282 1554 379 '²43'

201 390 434 480 Magicis
467 395 645 455 etiam
678 393 839 456 cenis
877 415 1009 456 eum
1039 396 1388 458 initiaverat.
1410 395 1559 460 Non

204 492 383 538 tamen
413 478 552 537 cum
583 494 826 560 regnum
868 478 923 538 ei
958 476 1147 549 daret,
1180 477 1329 538 hanc
1366 477 1444 539 ab
1482 496 1562 540 eo

203 560 452 641 accipere
486 572 668 619 artem
710 555 909 618 valuit.
956 555 1204 620 Proinde
1226 559 1306 619 ita
1329 557 1563 640 persua»-

201 637 309 700 sum
331 640 407 700 sit
420 684 438 709 ,
458 636 870 712 intestabilem,
888 638 1106 700 irritam
1121 640 1380 711 ,inanem
1400 638 1554 715 ess'e,

204 717 499 781 habentem
515 736 713 781 tamen
727 717 1000 801 quasdam
1019 721 1277 781 veritatis
1286 721 1517 782 umbras
1533 741 1555 784 2

204 798 289 862 sed
312 804 375 863 in
399 802 489 861 his
509 798 809 862 veneficas
823 814 828 819 ’
843 816 994 861 artes
1016 799 1272 882 pollere,
1295 821 1414 863 non
1430 823 1555 863 ma·

209 883 371 963 gicas.
420 880 664 962 Quaerat
701 880 907 963 aliquis
925 922 948 954 ‚
999 901 1131 962 quae
1173 882 1288 943 sint
1322 881 1555 945 mentiti

205 980 421 1026 veteres
459 964 610 1046 magi
633 1008 651 1034 ,
698 964 834 1024 cinn
876 960 1339 1024 adolescentibus
1383 963 1557 1024 nobis

207 1043 347 1107 visus
391 1041 595 1125 Apion
669 1044 1019 1124 rammaticae
1058 1044 1193 1104 artis
1212 1086 1233 1115 ,
1278 1043 1559 1124 prodide·

206 1125 266 1185 rit
283 1125 632 1208 cynocepha
655 1125 773 1185 iam
804 1122 1045 1185 herbam
1054 1160 1076 1194 π,
1097 1143 1228 1206 quae
1256 1126 1314 1185 in
1332 1123 1562 1207 AEgyp-

208 1219 261 1266 to
287 1223 600 1268 vocaretur
638 1203 922 1288 osyrites‚
953 1204 1211 1267 divinam
1229 1249 1248 1279 ,
1270 1205 1335 1268 &
1354 1220 1560 1268 contra

209 1289 389 1348 omnia
418 1283 738 1350 veneficia:
769 1285 870 1347 sed
891 1287 940 1347 si
954 1302 1080 1347 tota
1098 1303 1426 1361 erueretur,
1447 1284 1559 1347 sta·-

207 1370 299 1429 tim
330 1388 468 1430 eum
506 1369 605 1450 qui
630 1365 1088 1443 eruiss‘et,mori:
1113 1367 1173 1431 se
1217 1388 1290 1428 ue
1315 1362 1556 1430 evocas·

207 1446 257 1509 se
277 1449 508 1510 umbras
540 1449 612 1509 ad
652 1447 1136 1531 percunflandum
1246 1468 1513 1511 omerum
1533 1488 1556 1522 ,

205 1549 437 1612 quanam
470 1529 688 1612 patria,
717 1527 1037 1612 quibusque
1074 1529 1402 1610 parentibus
1449 1549 1554 1612 ge-

211 1611 344 1673 nitus
382 1608 561 1687 ess'et,
605 1630 726 1671 non
785 1628 979 1672 tamen
1040 1607 1204 1671 ansus
1247 1609 1509 1692 profiteri
1530 1651 1556 1684 ,

211 1693 331 1774 quid
364 1692 475 1754 sibi
518 1689 863 1775 respondiffe
899 1692 1140 1753 diceret.

278 1771 410 1837 vlL
451 1794 505 1856 3.
528 1772 822 1835 Peculiare
849 1773 1119 1835 vanitatis
1151 1771 1226 1833 sit
1251 1789 1559 1856 argumen-

209 1867 356 1932 tum,
430 1855 551 1916 uod
605 1854 940 1916 animalium
984 1850 1328 1914 cun80mm
1374 1853 1560 1934 talpas

211 1939 408 1998 maxim
478 1938 791 2007 mirantur,
830 1951 925 1995 tot
960 1932 1155 1993 modis
1182 1954 1218 1994 a
1241 1952 1436 1994 rerum
1460 1952 1557 1994 na-

216 2018 327 2076 tura
364 2019 659 2078 damnatas
679 2060 697 2086 ‚
727 2016 986 2076 caecitate
1026 2014 1307 2095 perpetua
1323 2057 1348 2086 ,
1392 2030 1561 2075 tene·

215 2094 318 2158 ,bris
359 2102 670 2163 etiamnum
728 2096 850 2157 aliis
892 2093 1172 2171 defoffas,
1210 2093 1557 2179 sepultisque

220 2178 432 2241 similes.
470 2178 661 2240 Nullis
706 2178 871 2262 aeque
916 2178 1162 2239 credunt
1195 2179 1381 2252 extis,
1417 2177 1558 2239 nul-

213 2257 326 2326 ‚lum
352 2261 641 2343 religionis
681 2261 943 2342 capacius
991 2259 1251 2340 judicant
1299 2256 1554 2321 animal:

220 2355 277 2397 ut
311 2343 354 2401 si
383 2346 508 2426 quis
531 2362 635 2402 cor
657 2337 777 2419 ejus
809 2361 1016 2402 recens
1037 2337 1430 2420 palpitansque
1452 2338 1557 2398 de·

221 2435 372 2482 voret
394 2468 415 2498 ‚
471 2423 845 2484 divinationis
875 2421 944 2483 δι
982 2438 1175 2480 rerum
1224 2415 1564 2480 efficienda-

220 2517 331 2562 rum
367 2521 607 2564 eventus
645 2503 1007 2583 promittant.
1047 2496 1248 2560 Dente
1283 2498 1458 2579 talpae
1481 2500 1564 2557 vi·

218 2599 301 2640 νε
338 2600 611 2666 exempto
630 2622 652 2655 ‚
680 2579 862 2641 sanari
902 2579 1167 2638 dentium
1198 2577 1432 2638 dolores
1458 2576 1565 2637 ad-

219 2660 431 2743 alligato
468 2662 792 2725 adfirmant.
850 2656 1071 2719 Cetera
1102 2676 1175 2717 ex
1210 2676 1285 2718 eo
1331 2657 1562 2718 animali

217 2740 406 2821 placita
448 2762 656 2807 eorum
676 2785 699 2813 ,
726 2738 833 2801 suis
872 2735 1183 2799 reddemus
1224 2735 1385 2800 locis.
1429 2737 1559 2802 Nee

217 2823 515 2909 quidquam
552 2820 908 2908 probabilius
950 2819 1291 2966 invemeiut·
1299 2863 1331 2913 ,⁹
1382 2818 1557 2906 quam

1253 2923 1315 2987 1¹1
