2000 3600
295 228 720 352 mnan.
752 277 901 352 Lib.
929 233 1264 351 xxvm.
1357 302 1401 370 ,ι
1423 279 1500 376 13

156 397 430 481 'adjuvare
458 385 838 481 :incipientes
866 398 1194 459 furunculos
1229 415 1321 459 ter
1357 418 1511 480 pra-

154 483 369 563 signare
413 478 607 561 jejuna
630 479 833 554 saliva.
857 479 1074 540 Mirum
1101 480 1388 551 dicemus,
1409 478 1510 540 sed

154 564 549 643 experimento
569 558 769 622 facile:
800 562 844 620 si
878 581 1052 642 quem
1110 562 1344 621 oeniteat
1368 559 1508 621 iaus

157 643 373 702 eminus
395 641 732 702 cominusve
753 640 925 714 illati,
956 642 1020 702 δι
1100 641 1236 700 atim
1274 639 1509 723 exspuat

156 722 398 782 mediam
438 723 496 781 in
542 742 814 794 manum,
852 721 967 802 qua
1046 722 1312 792 ercussit‚
1336 721 1503 781 leva·-

157 817 239 862 tur
267 802 429 863 illico
468 800 757 883 percussus
795 823 829 862 a
863 823 1057 883 poena.
1089 800 1223 861 Hoc
1242 799 1387 881 saepe
1405 800 1510 862 de·

157 881 399 943 lumbata
433 881 808 963 quadrupede
847 881 1226 963 adprobatur,
1255 879 1437 941 statim
1471 901 1506 942 a

160 963 252 1022 tali
288 963 550 1036 remedio
611 960 874 1023 correffo
930 962 1190 1024 animalis
1243 958 1510 1043 ingressu.

160 1039 413 1121 Quidam
457 1042 605 1104 verb
650 1041 725 1102 ad
795 1059 965 1101 avant
1013 1041 1154 1101 iaus
1176 1083 1196 1114 ‚
1232 1061 1362 1101 ante
1406 1061 1514 1101 co-

162 1140 350 1183 natum
389 1122 565 1182 simili
596 1143 700 1198 mo
745 1145 785 1183 o
823 1120 996 1182 saliva
1034 1124 1094 1181 in
1136 1142 1307 1182 manu
1348 1123 1518 1204 inge-

166 1200 259 1263 sta.
297 1202 618 1265 Credamus
659 1223 800 1285 ergo
843 1202 1094 1263 lichenas
1116 1200 1410 1285 leprasque
1433 1204 1518 1281 je·

68 1307 73 1310 ·
167 1279 302 1363 iunae
332 1284 477 1344 illitu
516 1284 759 1345 adsiduo
791 1286 973 1344 arceri
1001 1306 1018 1345 z
1047 1286 1187 1343 item
1222 1284 1301 1364 lip
1345 1282 1518 1343 itudi-

171 1383 298 1437 nes,
332 1363 610 1430 matutina
656 1365 915 1446 quotidie
955 1364 1119 1425 velut
1156 1305 1510 1425 inungione:

171 1447 579 1516 carcinomata,
629 1444 787 1505 malo
847 1461 1011 1505 terrae
1065 1443 1290 1505 subaEio
1326 1466 1342 1506 z
1384 1463 1518 1504 cer-

162 1525 302 1586 ‘vicis
341 1527 616 1586 dolorem
640 1571 659 1599 ‚
685 1523 858 1585 saliva
889 1521 1067 1604 jejuni
1103 1524 1307 1585 dextra
1342 1535 1517 1584 manu

172 1605 240 1663 ad
270 1606 538 1667 dextrum
579 1605 862 1687 poplitem
902 1603 1112 1679 relata,
1154 1604 1301 1669 laeva
1338 1603 1411 1663 ad
1447 1605 1521 1663 si-

173 1683 392 1747 nistrum
432 1711 449 1746 z
502 1688 551 1745 si
647 1686 765 1746 uod
813 1686 1020 1745 animal
1083 1705 1282 1745 aurem
1342 1686 1524 1744 intra-

176 1769 362 1843 verit,
424 1767 496 1831 &
531 1769 605 1845 {in
630 1784 831 1849 puatur
857 1810 875 1840 ,
924 1768 1097 1828 exire.
1147 1765 1304 1827 Inter
1363 1784 1525 1825 amu·

175 1844 279 1907 leta
319 1847 399 1910 est
433 1847 605 1909 editae
652 1868 947 1930 quemque
1008 1849 1186 1906 urinae
1224 1843 1522 1925 inspuere:

177 1929 421 1991 similiter
443 1931 507 1988 in
529 1928 970 1996 calciamentum
992 1925 1179 1985 dextri
1197 1925 1361 2006 pedis
1377 1968 1398 1998 ,
1424 1945 1528 1985 an-

166 2015 395 2091 'tequam
434 2010 737 2069 induatur:
770 2009 911 2067 item
951 2009 1084 2067 cum
1114 2011 1242 2087 quis
1280 2004 1525 2067 transeat

177 2085 391 2166 locum,
419 2094 482 2150 in
518 2111 638 2171 quo
676 2087 918 2170 aliquod
940 2087 1257 2170 periculum
1296 2089 1526 2148 adierit.

181 2167 437 2231 Marcion
482 2168 855 2251 Smyrnaeus,
898 2171 996 2250 qui
1044 2168 1117 2229 de
1171 2167 1526 2250 simplicibus

182 2247 463 2312 effeffibus
483 2249 731 2331 scripsit,
760 2252 951 2330 rumpi
970 2248 1377 2331 scolopendras
1415 2264 1531 2308 rna·

181 2328 321 2390 'tinas
362 2331 534 2413 sputo
559 2331 731 2391 tradit
757 2352 770 2390 ε
808 2332 952 2390 item
984 2330 1248 2402 rubetas,
1278 2326 1527 2409 aliasque

180 2429 367 2472 ranas:
405 2411 685 2493 Opilius,
715 2409 1044 2491 serpentes,
1082 2411 1128 2470 si
1163 2411 1289 2490 quis
1325 2411 1385 2468 in
1407 2406 1534 2467 hia·

186 2505 300 2549 tum
343 2511 546 2552 earum
583 2490 834 2571 exspuat.
876 2488 1085 2572 Salpe,
1121 2507 1423 2569 torporem
1445 2484 1535 2546 se-

182 2568 298 2630 dari
332 2591 705 2653 quocumque
753 2571 1021 2630 membro
1077 2568 1402 2640 instupente
1425 2607 1446 2636 ,
1487 2566 1536 2626 si
1611 2640 1618 2647 ο

175 2652 304 2730 'quis
338 2655 400 2711 in
449 2654 638 2712 sinum
700 2647 933 2730 exspuat
968 2670 986 2708 t
1035 2663 1134 2706 aut
1187 2649 1234 2705 si
1275 2643 1531 2726 superior

180 2731 456 2812 palpebra
506 2729 681 2790 saliva
739 2734 1022 2811 tangatur.
1090 2724 1220 2786 Nos
1272 2727 1319 2785 si
1368 2723 1490 2787 haec
1509 2768 1532 2801 ,

173 2809 245 2880 fl&
277 2810 377 2874 illa
413 2811 718 2874 credamus
763 2810 871 2872 rite
921 2806 1048 2872 fieri
1085 2827 1103 2873 ε
1143 2808 1396 2872 extranei
1445 2810 1534 2882 ixx-,-
