2000 3600
257 242 702 314 H1sron.
754 243 898 315 Lib.
941 241 1223 318 XXIX.
1336 267 1464 345 »¹9¹

227 726 745 813 LIBER
839 724 1343 819 XXIX.

227 869 551 940 Medicinae
582 893 667 937 ex
695 869 948 961 reliquis
971 871 1379 944 animalibus.

156 1062 196 1129 Ῐ.
230 996 451 1130 ι.ΝΑ
465 1085 506 1145 1·
522 1084 568 1127 u
585 1082 628 1126 R
648 1084 692 1126 Α
714 1066 1107 1128 remediorum
1121 1086 1323 1152 ,atque
1334 1066 1484 1135 mul}

157 1148 316 1210 titudo
352 1146 675 1208 instantium
713 1168 781 1208 ac
815 1150 1235 1229 praeteritorum
1254 1195 1275 1226 ,
1316 1151 1480 1234 plura

161 1228 221 1289 de
235 1231 344 1310 ipsa
359 1227 634 1290 medendi
653 1244 773 1288 arte
789 1246 1005 1312 cogunt
1018 1230 1210 1292 dicere
1230 1252 1246 1293 ε
1273 1254 1483 1314 quam-

196 1330 302 1371 uam
335 1331 450 1372 non
489 1311 718 1391 ignarus
754 1310 862 1370 sim
889 1355 908 1385 ,
949 1311 1114 1371 nullis
1173 1330 1302 1374 ante
1348 1314 1474 1375 haec

163 1328 332 1450 {atino
369 1390 635 1453 sermone
664 1391 895 1451 condita
914 1437 933 1465 ,
955 1392 1276 1476 ancepsque
1304 1392 1476 1455 lubri-

168 1489 275 1530 cum
304 1469 406 1533 effe
441 1491 631 1531 rerum
661 1473 921 1532 omnium
943 1494 1256 1547 novarum,
1276 1475 1476 1537 talium

171 1552 335 1632 utique
351 1596 370 1625 ‚
391 1568 507 1614 tam
531 1549 734 1612 sterilis
756 1555 983 1634 gratiae‚
1008 1569 1299 1635 tantaeque
1324 1553 1478 1615 diffi-

168 1630 350 1692 cultatis
378 1635 436 1693 in
475 1633 824 1713 promendo,
841 1630 957 1694 Sed
977 1637 1249 1716 quoniam
1279 1655 1485 1697 occur·
1523 1628 1530 1635 ’

168 1731 271 1773 rere
297 1712 602 1776 verisimile
644 1711 728 1773 est
763 1716 1025 1775 omnium
1052 1717 1150 1796 qui
1190 1715 1314 1776 haec
1343 1713 1483 1777 nos·

168 1812 276 1856 cant
305 1793 663 1879 cogitationi,
696 1815 950 1876 quonam
982 1794 1166 1856 modo
1203 1794 1485 1867 exolevee'

168 1874 262 1936 rint
292 1875 346 1934 in
388 1875 685 1937 medicinae
722 1874 824 1936 usu
839 1919 862 1948 ,
894 1896 1024 1957 quae
1049 1891 1168 1935 tam
1185 1890 1382 1956 parata
1400 1891 1488 1934 at-

131 1978 146 1996 ·
169 1972 263 2034 que
289 1958 618 2036 pertinentia
665 1971 825 2015 erant
852 1977 868 2016 ι
912 1956 1235 2036 mirumque
1258 1955 1321 2017 &
1338 1954 1487 2026 indiq

169 2051 317 2115 gnum
350 2039 605 2119 protinus
650 2034 836 2108 subit,
874 2034 1089 2097 nullam
1146 2036 1349 2097 artium
1389 2038 1487 2096 in-

170 2114 573 2179 constantiorem
612 2114 805 2190 fuisse,
840 2117 905 2179 &
945 2117 1258 2178 etiamnum
1281 2111 1486 2199 saepiui

171 2200 351 2257 mutari
366 2241 387 2272 ‚
409 2200 544 2260 cum
580 2198 651 2258 sit
680 2195 1024 2260 fruffluosior
1042 2198 1226 2259 nulla:
1243 2198 1352 2259 diis
1368 2200 1487 2281 pri-

173 2278 305 2338 mhm
341 2281 671 2342 inventores
710 2276 837 2340 suos
876 2280 996 2341 adsi
1039 2280 1237 2352 navit,
1278 2280 1344 2340 δι
1378 2300 1489 2339 cae-

172 2353 225 2416 lo
259 2358 475 2422 dicavit.
514 2358 763 2421 Necnon
795 2361 859 2422 &
894 2361 973 2422 ho
1019 2363 1074 2421 ie
1120 2356 1487 2420 multifariam

175 2435 235 2495 ab
265 2440 489 2501 oraculis
530 2440 817 2502 medicina
851 2442 1083 2522 petitur.
1122 2438 1306 2501 Auxit
1325 2438 1494 2500 deine

179 2515 240 2576 de
268 2517 459 2584 famam
494 2522 668 2582 etiam
714 2522 950 2581 crimine
969 2563 990 2594 ‚
1021 2518 1197 2580 ictum
1249 2517 1494 2578 fulmine

181 2594 526 2682 AEsculapium
538 2600 788 2662 fabulata
798 2645 819 2675 ‚
833 2598 1106 2681 quoniam
1115 2597 1498 2678 Tyndareum

183 2680 523 2743 revocavisset
554 2681 629 2743 ad
664 2681 863 2742 vitam.
901 2679 1032 2741 Nec
1056 2693 1250 2737 tamen
1269 2673 1498 2735 cessavit

186 2773 379 2826 narrare
425 2763 568 2826 aiios
626 2757 888 2850 revixisse
944 2758 1126 2846 opera
1163 2755 1299 2846 sua,
1344 2754 1497 2848 clar}
