2000 3600
349 285 493 366 250
596 265 668 336 C.
711 265 1085 337 ΡιιΝιι
1121 260 1266 331 ΝΑ
1299 273 1542 333 Tun.

348 384 593 447 herbam
655 378 1007 464 gustaverint
1025 422 1049 454 ‚
1085 380 1149 439 in
1187 378 1413 440 umbra·
1445 378 1765 444 arefastus.

352 466 492 528 Uva
530 464 697 524 succo
729 460 985 523 cochleae
1017 482 1086 520 ac
1118 458 1428 520 transfofsae
1452 460 1617 521 illita
1642 509 1664 536 ,
1687 480 1769 524 nt

356 546 602 608 cochlea
642 540 761 624 ipsa
795 545 858 602 in
892 540 1059 602 fumo
1094 540 1489 624 suspendatur.
1510 541 1764 604 Hit-un-

355 628 555 688 dinum
593 626 785 685 cinere
819 642 955 684 curn
1007 621 1219 683 melle:
1249 624 1330 682 sic
1370 623 1436 684 &
1474 625 1758 685 tonsillis

354 706 718 769 succurritur.
762 703 1056 765 Tonsillas
1080 706 1144 765 δι
1171 702 1366 764 fauces
1386 701 1547 763 lactis
1563 705 1758 768 ovilli

345 788 729 872 gargarizatio
767 783 1020 865 adjuvat.
1076 783 1405 867 Multipeda
1448 787 1640 861 trita,
1673 785 1758 846 fi-

357 889 526 931 mum
536 866 932 930 columbinum
955 887 1086 926 cum
1108 864 1262 947 passo
1277 867 1715 961 gargarizatum
1729 912 1756 944 ‚

356 953 534 1012 etiam
576 969 708 1010 cum
747 946 865 1009 fico
904 946 1065 1007 arida
1106 967 1171 1007 ac
1209 948 1363 1007 nitro
1385 951 1758 1028 impositum

359 1030 525 1093 extra
547 1076 567 1105 ,
602 1028 962 1112 asperitatem
993 1025 1246 1089 faucium
1289 1028 1355 1090 &
1398 1027 1758 1092 destillatio-

359 1133 470 1175 nes
504 1113 744 1173 leniunt.
794 1108 1074 1173 Cochleae
1123 1110 1297 1191 coqui
1337 1108 1562 1170 debent
1607 1111 1759 1173 illo.

360 1210 438 1255 τε
475 1214 495 1253 τ
537 1192 672 1253 dem
717 1207 896 1273 toque
926 1191 1146 1251 tanturn
1191 1207 1424 1251 terreno
1459 1195 1757 1268 conteri,

358 1275 431 1336 &
469 1274 528 1332 in
573 1294 646 1355 pa
690 1293 729 1332 o
768 1271 890 1332 dari
919 1273 1119 1351 potui.
1153 1268 1299 1331 Sunt
1334 1273 1436 1353 qui
1463 1270 1752 1354 Astypa-

360 1353 550 1417 laeicas
607 1350 1030 1413 efficacissimas
1087 1370 1321 1433 putent,
1359 1353 1424 1414 &
1472 1350 1755 1437 smegma

358 1454 582 1495 earum.
619 1432 791 1494 Lenit
822 1434 888 1496 &
923 1454 987 1516 gr
1037 1432 1148 1493 llus
1182 1431 1512 1494 infricatus:
1540 1452 1647 1496 aut
1693 1437 1753 1497 si

364 1517 492 1597 quis
524 1515 787 1574 manibus
813 1558 834 1589 ‚
969 1517 981 1529 ⁰
1028 1536 1097 1576 us
1149 1533 1289 1577 eum
1344 1517 1754 1592 contriverit,

362 1595 627 1658 tonsillas
675 1597 931 1677 attingat.

448 1674 582 1738 ΧΠ.
621 1675 718 1737 An
760 1677 868 1736 inis
906 1673 1048 1738 felle
1092 1674 1363 1737 anserino
1382 1697 1519 1738 cum
1553 1677 1752 1761 elate-

364 1757 455 1819 rio
499 1757 563 1821 &
600 1757 717 1820 mel
743 1778 777 1819 e
829 1757 1104 1819 citissime
1150 1756 1485 1821 succurritur
1509 1781 1534 1822 t
1566 1780 1751 1823 cerec-

365 1839 480 1902 bro
509 1840 771 1914 nociuae,
816 1841 1016 1901 cinere*
1058 1840 1419 1913 hirundinis,
1453 1861 1533 1902 ex·
1582 1843 1757 1925 aqu&

366 1920 558 1982 calida
599 1938 763 2003 poto.
803 1920 1001 2003 Hujus.
1037 1921 1338 1983 medicinae
1394 1920 1595 1983 auclor
1655 1922 1751 1986 est

366 1998 627 2062 Ovidius
703 2019 856 2063 oeta.
900 2001 1017 2063 Sed
1049 2000 1398 2063 efficaciores
1432 2004 1505 2063 ad
1533 2007 1756 2067 omnia

369 2102 504 2177 quae
546 2102 617 2144 ex
710 2083 1064 2144 'rundinibus
1107 2082 1493 2145 monstrantur
1525 2129 1548 2158 ‚
1636 2087 1757 2148 uni

361 2159 735 2226 silvestrium.
779 2163 985 2244 Figura
1005 2164 1279 2224 nidorum
1295 2186 1389 2225 eas
1406 2165 1586 2248 depre
1635 2188 1749 2229 en·-

364 2242 471 2303 dit.
508 2240 704 2305 Multo
745 2261 941 2304 tamen
976 2242 1366 2306 efficacissimi
1400 2250 1747 2328 ripariarum

366 2322 534 2404 pulli.
577 2322 666 2386 Ita
693 2342 909 2387 vocant
945 2327 1005 2384 in
1039 2328 1292 2408 riparum
1341 2330 1498 2388 cavis
1533 2328 1751 2389 nidifi-

363 2422 586 2466 cantes.
646 2404 790 2465 Sunt
827 2407 926 2487 qui
956 2404 1370 2490 cujuscumque
1414 2409 1745 2473 hirundinis

366 2486 593 2568 pullum
630 2486 922 2548 edendum
974 2486 1248 2562 censent,
1287 2510 1365 2549 ne
1404 2508 1541 2551 toro
1576 2512 1750 2558 anno»

365 2567 656 2630 metuatur
693 2568 750 2628 id
777 2568 1013 2630 malum.
1038 2567 1583 2652 Strangulatoscum
1611 2571 1745 2634 san·-

359 2650 542 2729 guina
580 2650 924 2713 comburunt
947 2653 1008 2711 in
1029 2649 1204 2724 vafe,
1229 2653 1291 2713 &
1318 2655 1577 2714 cinerem
1598 2674 1749 2716 cum

361 2746 519 2870 Lana
560 2749 657 2792 aut
700 2750 842 2813 potu
895 2734 1057 2795 dant.
1105 2731 1370 2813 Quidam
1414 2735 1480 2797 &
1518 2733 1742 2795 muste-

458 2809 662 2873 cincris
698 2815 1036 2895 parimodo
1064 2812 1400 2880 admiscent.
1433 2813 1528 2879 sie
1561 2818 1627 2883 δι
1652 2815 1749 2881 aa
