2000 3600
222 255 237 268 2
297 212 755 285 st‘ton.
803 207 1309 304 Lib.xxvln.
1368 231 1489 285 ιιι

155 331 423 397 universa
443 349 597 392 aure.
618 328 678 391 Si
703 332 904 391 tussim
934 333 1192 392 concitet
1225 330 1423 405 saliva,
1443 333 1505 394 in

157 413 329 475 fronte
362 414 437 473 ab
476 413 591 472 alio
632 412 844 473 adflari.
880 410 938 472 Si
962 411 1111 490 jacet
1144 434 1293 484 uva,
1317 432 1346 471 a
1376 431 1509 473 ver-

157 497 255 555 tice
289 492 480 554 morsu
536 493 765 553 alterius
812 491 1209 574 suspendi.‚,1n
1254 494 1503 553 cervicis

158 575 347 636 dolore
385 573 639 657 poplites
676 573 909 646 fricare,
941 591 1039 634 aut
1084 576 1376 635 cervicem
1435 573 1502 637 in

157 657 446 737 poplitum.
486 653 672 715 Pedes
706 657 766 713 in
806 653 986 714 humo
1007 654 1263 734 deponi,
1295 647 1505 720 siner-
1561 675 1567 680 ·

158 737 211 797 vi
236 739 292 796 in
322 737 409 795 his
457 731 785 795 cruribusve
833 734 1145 795 tendantur
1176 736 1235 794 in
1270 734 1508 799 testula

158 814 267 877 Aut
299 819 343 876 si
382 820 440 875 in
488 815 636 875 laeva
676 832 837 896 parte
876 815 934 875 id
965 815 1222 893 accidat,
1265 813 1504 877 sinistra

184 897 348 957 lantae
390 897 671 976 pollicem
701 896 901 956 dextra
935 916 1107 955 manu
1127 895 1507 976 adprehendi.

157 916 295 1037 ltem
327 998 360 1038 e
406 975 663 1037 diverso.
690 976 1096 1037 Extremitates
1119 978 1379 1057 corporis
1404 975 1507 1038 vel

160 1060 363 1118 aurium
395 1056 700 1140 perstringi
740 1074 944 1115 contra
982 1057 1254 1115 horrores
1289 1076 1509 1135 corpo·

162 1138 263 1212 τίς,
286 1136 693 1221 sanguinemve
729 1138 951 1209 narium
992 1136 1392 1195 immodicum.
1416 1134 1510 1196 Li-

163 1237 233 1278 no
266 1220 358 1279 vel
399 1240 634 1301 papyro
687 1219 966 1298 principia
1010 1217 1337 1299 genitalium
1365 1240 1384 1277 t
1414 1214 1507 1277 fe·

165 1317 277 1359 mur
309 1301 569 1360 medium
592 1343 609 1370 ,
651 1298 729 1357 ad
764 1297 1089 1357 cohibenda
1130 1300 1305 1357 urinae
1358 1307 1529 1379 pro-²

166 1377 337 1441 fluvia.
358 1411 363 1416 ·
388 1381 459 1442 In
492 1378 772 1440 stomachi
818 1376 1101 1438 solutione
1139 1378 1322 1459 pedes
1353 1376 1504 1458 pres·

165 1456 298 1535 sar‘e,
329 1479 426 1521 aut
464 1480 669 1520 manus
700 1460 761 1517 in
799 1457 1124 1519 ferventem
1162 1480 1367 1541 aquam
1409 1459 1506 1519 di·
1567 1460 1576 1472 '

167 1543 385 1603 mittere.
438 1542 567 1602 Jam
603 1541 669 1601 &
703 1538 952 1599 sermoni
994 1542 1182 1619 parci,
1208 1541 1403 1598 multis
1426 1539 1505 1601 de
1565 1549 1570 1554 ’

167 1624 324 1681 causis
359 1621 602 1682 salutare
644 1618 748 1679 est.
791 1618 1078 1680 Triennio
1113 1619 1504 1680 Maecenatem

168 1696 435 1763 Melissum
470 1702 800 1782 accepimus
844 1701 1131 1761 silentium
1175 1702 1283 1761 sibi
1326 1702 1509 1780 impe·

169 1782 344 1845 ravisse
365 1831 383 1860 ,
427 1806 463 1844 a
501 1781 883 1844 convulsione
940 1781 1172 1841 reddito
1210 1781 1509 1861 sanguine.
1567 1808 1572 1815 ·

168 1859 299 1924 Nam
321 1864 589 1937 eversos»,
620 1861 1069 1943 scandentesque
1106 1881 1173 1920 ac
1213 1859 1505 1940 jacentes,

162 1945 211 2005 si
247 1947 384 2026 quid.
412 1949 674 2028 ingruat,
714 1959 1033 2022 contraque
1060 1939 1201 2000 {eius
1244 1939 1508 2021 spiritum
1573 1950 1578 1959 ‘

168 2025 416 2089 cohibere
460 2025 757 2107 singularis
795 2023 1045 2105 praesidii
1085 2019 1167 2082 est
1190 2044 1203 2083 ε
1226 2024 1383 2104 quod
1413 2023 1508 2083 in-

169 2123 385 2168 ventum
422 2106 539 2169 esse
575 2104 834 2183 anima-lis
872 2104 1198 2165 docuimus·
1251 2103 1532 2168 Clavum‘

170 2183 395 2249 ferreum
435 2187 722 2270 defigere,
751 2188 809 2245 in
841 2207 958 2267 quo
979 2188 1115 2247 loco
1135 2188 1385 2266 primum
1406 2196 1529 2246 ca-'

171 2285 262 2348 put
302 2269 565 2331 defixerit
602 2288 881 2329 corruens
939 2266 1150 2328 morbo
1189 2268 1508 2341 comitiali,

171 2347 562 2411 absolutorium
601 2347 724 2429 ejus
762 2347 895 2408 mali
925 2351 1149 2409 dicitur.
1177 2344 1400 2407 Contra
1418 2367 1511 2407 re-

170 2448 330 2505 num,
369 2451 465 2492 aut
520 2431 890 2502 lumborum,
923 2431 1250 2510 vesicaeque
1288 2429 1510 2486 crucia-

171 2524 285 2583 tus,
319 2514 375 2570 in
414 2512 773 2573 balinearum
823 2509 977 2569 soliis
1022 2529 1240 2588 pronos
1286 2510 1511 2564 urinam

169 2591 391 2653 reddere
425 2592 840 2675 mitigatorium
857 2589 1118 2648 habetur.
1130 2586 1392 2643 Vulnera
1410 2603 1516 2643 no-
1581 2580 1590 2589 “

169 2669 241 2731 do
266 2672 542 2733 *Herculis
581 2669 882 2754 praeligare
909 2712 928 2740 ‚
971 2668 1185 2725 mirum
1239 2665 1542 2744 quantum·
1581 2674 1587 2679 “

167 2753 317 2895 οοίἶτ
348 2754 641 2821 medicina
674 2746 777 2813 est.
809 2746 1008 2833 Atque
1035 2747 1210 2893 etiatlt}
1232 2745 1544 2827 quotidia-,-

287 2855 443 2895 omus
498 2837 571 2900 V.
1017 2852 1025 2859 ·
1197 2890 1203 2895 .
