2000 3600
450 197 592 272 232
692 175 764 260 C.
812 170 1192 249 ΡιιΝιι
1237 167 1621 246 ΝΑτυκ.
1922 212 1960 290 *3

448 299 786 381 ligationes,
824 289 1279 373 suffusionesque
1313 290 1649 351 oculorum.
1696 286 1815 373 132³¹

450 379 585 440 dem
605 379 691 437 vis
717 377 782 437 ὅτ.
813 376 873 434 in
908 373 1205 435 vulturino
1223 370 1359 433 felle
1387 369 1470 431 est
1491 391 1635 431 cum
1658 371 1818 451 porr!
1935 379 1959 448 ζ’

448 459 653 531 succo,
693 457 758 517 &
795 454 971 515 melle
1006 455 1238 536 exiguo.
1262 450 1414 513 Item
1429 453 1489 511 in
1511 451 1810 534 'gallinacei
1940 468 1960 479 ⁴·

445 535 583 599 Helle
604 538 678 597 ad
716 554 987 617 argema,
1017 536 1082 596 &
1122 534 1196 594 ad
1231 532 1528 616 albugines
1559 553 1638 593 ex
1670 529 1819 614 aqua

446 618 667 679 diluto:
691 617 836 677 item
863 617 936 675 ad
960 612 1299 676 suffusiones
1323 614 1637 677 oculorum
1655 656 1675 687 ,
1700 626 1823 672 ma·'
1944 630 1960 638 ·“

441 698 600 759 xime
646 696 875 759 candidi
932 695 1244 778 gallinacei.
1294 694 1526 755 Fimum
1581 711 1813 777 quoque

445 780 892 865 gallinaceorum
914 820 934 849 ‚
970 776 1265 836 dumtaxat
1300 775 1538 836 tulmim
1562 821 1580 845 ,
1617 773 1815 835 luscio·

447 863 526 920 sis
560 859 703 920 illini
733 856 1066 918 monstrant.
1085 857 1344 918 Laudant
1361 857 1428 918 δι.
1453 855 1682 938 gallinae
1703 854 1814 926 fel,

451 939 554 1001 sed
589 943 760 1019 praeci
804 939 874 998 ue
923 938 1159 1018 adipem
1179 980 1198 1010 ‚
1235 953 1441 998 contra
1479 935 1707 1017 pusulas
1755 936 1810 993 in

453 1020 709 1103 pupillis.
743 961 864 1079 flas
907 1018 1122 1081 scilicet
1159 1016 1282 1098 ejus
1342 1018 1428 1078 rei
1469 1016 1652 1105 gratia
1686 1015 1815 1097 sagi-

455 1119 615 1162 nant.
653 1099 915 1180 Adiuvat
944 1097 1188 1160 mirifice
1206 1099 1271 1158 &
1289 1115 1484 1178 ruptas
1511 1097 1811 1158 oculorum

454 1181 772 1252 tuniculas,
814 1180 1075 1240 admixtis
1113 1175 1319 1239 schisto
1349 1181 1416 1239 &
1440 1179 1726 1240 haematite
1745 1176 1825 1236 las

455 1262 706 1345 pidibus.
738 1260 965 1320 Fimum
1006 1280 1247 1341 quoque
1281 1279 1479 1320 earum
1525 1260 1814 1320 dumtaxat

455 1342 802 1413 candidum,
832 1342 892 1399 in
926 1340 1067 1401 oleo
1101 1357 1305 1401 vetere
1346 1339 1690 1423 corneisque
1711 1350 1824 1421 py·‘

451 1422 680 1484 xidibus
716 1420 1051 1494 adservant,
1089 1421 1163 1481 ad
1197 1421 1548 1503 pupillarum
1590 1421 1809 1501 albugi-

453 1522 579 1573 nes.
615 1500 759 1581 Qua
785 1503 848 1563 in
880 1503 1178 1568 mentione
1220 1503 1267 1561 si
1310 1499 1662 1563 nificandum
1704 1497 1810 1571 est,

458 1603 721 1666 pavones
758 1580 962 1643 fimum
998 1581 1160 1643 suum
1201 1602 1265 1641 re
1290 1582 1503 1644 orbere
1537 1583 1825 1661 tradi,in··

460 1664 733 1726 videntes
771 1663 1076 1722 hominum
1124 1663 1483 1726 utilitatibus.
1527 1663 1813 1745 Accipiter

460 1743 735 1808 decofiffls
755 1744 815 1805 in
840 1741 1074 1805 rosaceo
1106 1740 1535 1807 efficacissimus
1565 1745 1643 1807 ad
1662 1747 1813 1805 inun·¹

463 1826 687 1888 fflones
742 1827 1003 1887 omnium
1060 1826 1340 1886 vitiorum
1385 1843 1656 1908 putatur:
1685 1828 1816 1887 item

464 1905 590 1968 fimi
633 1906 757 1986 ejus
793 1907 935 1967 cinis
974 1925 1107 1967 cum
1149 1905 1351 1967 Attico
1384 1908 1577 1968 melle.
1612 1904 1817 1968 Lauda·

459 2002 554 2047 tur
591 1990 657 2050 &
688 1986 855 2047 milvi
889 1986 1068 2066 jecur.
1089 1986 1315 2048 Fimum
1335 2008 1454 2069 quo
1500 2008 1572 2049 ue
1604 1988 1825 2064 columae·

455 2067 664 2127 barum
704 2085 780 2125 ex
816 2084 985 2126 aceto
1021 2067 1093 2126 ad
1131 2067 1424 2149 aegilopas.
1504 2070 1734 2131 imiliter
1749 2062 1816 2126 ad

457 2145 754 2227 albugines
782 2145 848 2204 δι
873 2148 1183 2208 cicatrices.
1205 2148 1307 2208 Fel
1327 2147 1645 2212 anserinum
1663 2195 1684 2225 ,
1703 2145 1815 2208 san·

455 2227 587 2309 ‘guis
618 2240 843 2284 anatum
877 2226 1130 2286 contusis
1161 2230 1345 2290 oculis
1367 2273 1388 2302 ,
1414 2233 1491 2289 ita
1533 2247 1598 2291 ut
1627 2227 1818 2312 postea

451 2305 676 2387 .oesypo
707 2306 772 2368 δι
804 2305 979 2366 melle
1016 2307 1375 2389 inungantur.
1399 2310 1502 2372 Fel
1523 2312 1816 2393 perdicum
1868 2326 1873 2333 ·

463 2408 600 2449 cum
640 2386 825 2446 mellis
858 2407 1028 2469 aequo
1058 2390 1359 2468 pondere:
1390 2411 1499 2473 per
1541 2390 1600 2454 se
1633 2391 1777 2453 verb
1799 2430 1819 2461 ‚

465 2468 544 2530 ad*
579 2466 913 2530 claritatem.
961 2467 1041 2528 Hi
1086 2473 1335 2549 poci-atis
1373 2489 1582 2554 putant
1634 2470 1815 2532 aucto-

468 2552 635 2609 ritate
667 2545 876 2628 adjici,
907 2552 1026 2631 quo
1104 2552 1162 2610 in
1198 2552 1470 2634 argentea
1498 2554 1724 2635 pyxide
1759 2545 1816 2608 id

469 2627 681 2689 servari
697 2629 921 2711 jubent.
951 2628 1094 2694 Ova
1114 2631 1412 2711 perdicum
1432 2636 1495 2693 in
1516 2631 1655 2696 vase
1673 2650 1820 2694 aereo

468 2708 708 2771 decofia
755 2733 890 2776 cum
931 2712 1139 2789 mene,
1178 2712 1489 2800 ulceribus
1520 2717 1819 2782 oculorum
