2000 3600
306 253 488 325 Hrs
513 270 722 325 ron.
747 251 1249 327 Lib.xxv111.
1358 263 1488 353 *119

168 388 255 435 ver
278 369 337 435 &
368 389 706 435 autumnum
735 372 967 435 tradunt
985 419 1006 448 ‚
1036 372 1330 457 magisque
1349 373 1411 436 su
1453 377 1500 437 i·

74 459 75 462 ’
173 473 234 514 no
267 455 453 515 cubitu
472 498 493 525 ,
531 470 590 515 at
627 474 816 535 prono
851 453 1014 514 nihil.
1063 451 1378 538 Theophra
1431 478 1499 520 us

169 533 378 595 celerius
412 535 704 616 concoqui
743 534 925 595 dextri
955 535 1142 596 lateris
1189 537 1447 599 incubitu
1467 580 1493 611 ,

168 612 411 676 difficilius
445 638 481 688 a
511 614 738 695 supinis.
786 613 892 676 Sol
929 636 1163 697 quoque
1194 619 1495 680 remedio·

168 714 269 754 rum
308 698 617 757 maximum
651 696 724 756 ab
766 694 895 777 ipso
931 696 1040 757 sibi
1079 696 1327 777 praestari
1420 721 1491 761 o·

169 772 285 854 test,
322 779 460 837 sicut
493 777 808 854 linteorum
854 774 1269 861 strigiliumque
1307 799 1382 841 ve
1424 800 1491 842 e-

168 859 379 919 mentia:
410 856 759 941 perfundere
783 875 956 939 caput
999 856 1185 918 calida
1216 876 1349 919 ante
1386 861 1492 921 ba·

170 933 408 999 linearum
440 938 887 1022 vaporationem
905 982 926 1011 ,
958 940 1024 1000 &
1052 937 1254 1020 postea
1286 939 1495 1023 frigida

167 1014 565 1080 saluberrimum
589 1017 947 1101 intelligitur.
981 1016 1135 1079 Item
1154 1018 1496 1102 praesumere

169 1095 320 1173 cibis,
349 1100 410 1161 δι
443 1103 820 1181 interponere
864 1096 933 1159 fri
977 1099 1170 1173 'dam‚
1212 1098 1498 1180 ejusdem·

168 1197 264 1257 que
285 1197 417 1261 potu
438 1180 681 1243 somnos
704 1197 906 1241 antece
952 1201 1082 1254 ere,
1106 1182 1172 1243 &
1203 1183 1251 1243 si
1283 1181 1493 1258 libeat,
1523 1253 1530 1254 ἶ

170 1258 404 1321 intertum
444 1282 568 1323 ere.
589 1259 928 1321 Notandum
940 1306 962 1334 ,
976 1261 1199 1322 nullum
1207 1262 1365 1324 aliud
1380 1264 1498 1325 ani-

170 1339 265 1399 mal
289 1341 385 1401 cali
422 1365 489 1404 os
537 1358 712 1423 potus
751 1338 787 1401 s
889 1343 941 1417 i,
963 1343 1217 1424 ideoque
1240 1364 1361 1404 non
1378 1342 1491 1410 effe‘

173 1422 430 1485 naturales.
461 1422 651 1483 Mero
674 1362 1058 1498 antfflgmnos
1076 1423 1330 1496 colluere
1352 1445 1456 1486 ora
1469 1468 1493 1499 ,

172 1503 376 1583 propter
411 1503 622 1564 halitus
658 1524 675 1564 ε
709 1501 914 1585 frigida
958 1505 1250 1565 matutinis
1287 1505 1493 1586 impari

176 1600 381 1645 numero
423 1585 496 1646 ad
537 1582 836 1645 cavendos
896 1583 1152 1645 dentium
1213 1584 1494 1652 dolores:

173 1663 289 1723 item
308 1662 473 1746 posca
489 1664 701 1725 oculos
722 1681 921 1725 contra
944 1664 1313 1747 lippitudines
1328 1709 1348 1738 ‚
1369 1687 1499 1727 cer-

173 1757 220 1802 ta
242 1749 617 1828 experimenta
635 1744 796 1808 sunt:
827 1746 970 1814 sicut
1009 1747 1189 1808 totius
1228 1746 1496 1828 corporis

172 1823 454 1887 valetudini
481 1830 549 1888 in
586 1828 864 1888 varietate
900 1825 1089 1887 vistfis
1112 1825 1500 1889 inobservata.

239 1924 286 1987 5.
323 1907 396 1968 Hi
435 1923 710 1992 pocrates
733 1905 909 1967 tradit
937 1928 1060 1966 non
1092 1904 1497 1988 prandentium

173 1985 305 2047 extra
338 2009 402 2050 ce
424 1991 581 2050 erius
621 1985 933 2049 senescere.
970 1985 1193 2048 Verum
1210 1986 1271 2047 id
1301 2007 1498 2048 reme-

170 2064 264 2141 diis
308 2072 506 2132 cecinit
531 2114 554 2137 ,
590 2089 713 2130 non
774 2061 999 2150 epulis:
1039 2070 1256 2165 quippe
1307 2068 1497 2131 multo

168 2146 434 2211 utilissima
475 2147 567 2211 est
602 2150 998 2231 temperantia,
1017 2150 1078 2210 in
1100 2150 1263 2213 cibis.
1293 2147 1361 2210 L.
1378 2148 1497 2210 Lu-

166 2227 328 2289 eunus
363 2231 508 2293 banc
546 2228 624 2291 de
656 2229 714 2292 se
753 2228 1349 2312 praefecturam-servo
1387 2229 1499 2290 de-

173 2304 349 2372 deratt
372 2313 697 2409 ultimoque
747 2311 966 2391 probro
1006 2331 1218 2377 manus,
1250 2311 1310 2370 in
1353 2308 1498 2370 cibis

171 2388 469 2474 triumphali
507 2390 628 2453 sem
663 2390 1069 2472 dejiciebatur,
1100 2390 1201 2454 vel
1229 2390 1292 2450 in
1324 2386 1505 2470 Capi-

168 2468 299 2530 tolio
326 2474 615 2554 epulanti,
644 2472 917 2554 pudenda
946 2492 1011 2534 re
1030 2518 1051 2549 ,
1087 2470 1260 2535 servo
1295 2467 1398 2531 suo
1420 2467 1506 2540 faq

169 2549 314 2611 cilius
378 2574 545 2616 arere
566 2597 587 2627 ‚
612 2551 786 2636 quam
804 2554 934 2615 sibi.
1101 2596 1107 2599 -

236 2575 377 2696 xv?
409 2634 471 2698 6.
532 2631 953 2697 Sternumenta·
998 2628 1178 2712 pinna
1233 2625 1504 2717 gravedid

159 2726 287 2770 uem
318 2713 668 2776 emendant:
687 2713 754 2775 δι
788 2714 836 2771 si
869 2712 996 2794 quis
1022 2709 1194 2771 mulae
1211 2725 1375 2767 nares
1391 2750 1416 2780 ,
1441 2724 1505 2772 ut

163 2792 387 2886 {radunt
407 2841 436 2876 ,
468 2793 672 2859 osculo
717 2794 987 2876 attingat:
1015 2790 1400 2860 sternumenta
1437 2791 1504 2856 δι
