2000 3600
455 256 594 329 Ηι
619 275 664 327 s
691 273 740 327 r
765 274 814 326 ο
840 277 915 328 R.
938 257 1086 329 Lib.
1114 255 1385 331 XXVI.
1524 276 1574 351 7

194 393 318 440 tes.
347 375 564 460 Arguit
584 378 652 438 &
681 377 1235 439 medicamentorum
1257 395 1432 456 potus
1456 372 1576 439 sto-

190 458 418 533 macho
458 460 726 519 inimicos
745 503 766 533 ,
807 457 969 538 quod
1006 456 1088 527 est
1124 458 1331 540 magna
1359 476 1436 516 ex

189 558 258 601 te
290 540 569 600 vetitum.
592 536 792 621 Itaque
827 560 938 599 nos
960 539 1020 598 in
1041 540 1242 621 primis
1282 557 1413 620 quae
1470 551 1578 603 unt

187 619 511 681 stomacho
553 619 712 679 utilia
749 622 1054 701 signamus.

277 699 396 761 IX.
428 720 493 776 4.
519 696 706 781 Super
738 701 938 760 omnia
972 696 1248 778 adjuvere
1283 718 1420 761 eum
1456 718 1574 763 ma·

187 780 351 864 gicae
373 781 683 852 vanitates,
704 782 764 840 in
783 797 1008 841 tantum
1027 779 1242 842 enciae
1256 823 1278 853 ,
1305 797 1370 839 ut
1400 779 1578 841 abro-

187 882 339 945 gare
380 860 575 921 herbis
604 858 783 920 fidem
816 860 1032 922 cunctis
1068 858 1315 943 possent.
1346 858 1577 923 AEthio·

187 942 341 1033 pide
385 941 568 1002 herba
592 961 790 1002 amnes
823 963 890 1002 ac
937 940 1133 1023 stagna
1184 941 1387 1002 siccari
1430 959 1576 1003 con·

189 1022 356 1102 jeQu
382 1066 399 1091 ,
430 1020 588 1100 taffir
628 1020 816 1082 clausa
859 1024 1056 1082 omnia
1096 1022 1323 1101 aperiri.
1361 1020 1577 1081 Achn-

195 1102 445 1163 menide
480 1100 741 1180 conjecta
776 1103 835 1161 in
875 1099 1354 1163 aciemhostium
1396 1101 1580 1180 trepi-

194 1183 350 1243 dare
394 1204 429 1243 a
467 1184 660 1254 mina,
706 1203 772 1242 ac
816 1199 982 1264 terga
1031 1200 1286 1244 vertere.
1324 1179 1578 1243 Latacen

189 1264 333 1325 dari
373 1202 598 1333 solitam
630 1285 665 1323 a
698 1260 996 1326 Persarum
1047 1283 1183 1359 rege
1230 1262 1465 1343 legatis,
1508 1278 1576 1323 ut

190 1363 585 1426 quocumque
624 1341 937 1414 veniss‘ent,
973 1364 1239 1405 omnium
1264 1361 1456 1402 rerum
1473 1362 1578 1402 co·

193 1425 308 1520 pia
333 1424 722 1496 abundarent,
754 1444 823 1488 ao
859 1424 1044 1484 multa
1065 1425 1294 1492 similia.
1313 1423 1576 1485 Ubinam

196 1504 334 1566 tstae
368 1503 531 1564 fuere
551 1546 575 1577 ,
610 1506 745 1564 cum
777 1501 1005 1564 Cimbri
1038 1503 1302 1567 Teutoni
1455 1519 1579 1563 terv-

195 1584 368 1645 ribili
405 1582 599 1644 Marte
632 1583 951 1657 ulularent,
989 1601 1089 1645 aut
1132 1587 1268 1646 cum
1352 1581 1578 1645 ucullus

195 1681 302 1726 tot
339 1683 510 1746 reges
545 1684 640 1723 ma
679 1684 847 1724 orum
870 1666 1066 1745 paucis
1094 1663 1421 1749 legionibus
1439 1661 1581 1724 ster-

197 1761 377 1807 neret
397 1745 419 1805 ?
439 1742 638 1806 Curve
715 1746 907 1806 omani
937 1744 1115 1808 duces
1152 1746 1404 1830 primam
1430 1741 1582 1804 semp

198 1846 318 1909 per
347 1827 409 1886 in
447 1825 616 1887 bellis
659 1827 1148 1887 commerciorum
1191 1827 1450 1885 habuere
1480 1844 1581 1884 cu·

152 1915 162 1926 ’
200 1905 370 1966 ram?
406 1902 526 1976 Cur
553 1903 794 1967 Caesaris
823 1905 992 1966 miles
1026 1906 1100 1966 ad
1137 1902 1484 1968 Pharsaliam
1499 1902 1580 1966 fa·

204 2006 375 2049 mem
406 1984 576 2047 sensit
597 2030 619 2060 ,
650 1988 699 2046 si
739 1985 1084 2050 abundantia
1120 1988 1312 2048 omnis
1354 1987 1582 2047 contin·

203 2087 352 2208 gere
399 2066 569 2129 unius
607 2065 802 2134 herbae
835 2065 1107 2148 felicitate
1129 2067 1401 2151 poterat?
1434 2064 1577 2128 Non

232 2149 382 2208 atius
422 2145 533 2208 fuit
573 2147 945 2209 AEmilianum
967 2145 1307 2230 Scipionem
1338 2146 1580 2208 Cartha-

207 2229 358 2310 ginis
397 2243 598 2310 portas
639 2227 820 2289 herba
853 2227 1176 2310 patefacere
1195 2273 1215 2301 ,
1248 2227 1424 2310 quam
1448 2247 1580 2288 ma·-

205 2309 392 2369 chinis
434 2306 676 2373 claustra
704 2328 812 2391 per
832 2325 921 2370 tot
944 2330 1127 2371 annos
1160 2308 1430 2392 quatere?
1452 2304 1582 2367 Sic-

207 2405 415 2451 centur
436 2388 616 2449 hodie
637 2388 911 2466 Meroide
936 2390 1267 2472 Pomptinae
1297 2386 1537 2471 paludes
1557 2431 1578 2456 ,

207 2472 548 2553 tantumque
576 2471 695 2553 agri
715 2469 1047 2531 suburbanae
1084 2470 1359 2532 reddatur
1382 2466 1581 2529 Italia.

209 2547 364 2610 Nam
422 2571 556 2633 quae
618 2551 772 2631 apud
835 2550 1108 2612 eumdem
1167 2548 1579 2612 Democritum

208 2630 504 2691 invenitur
558 2634 917 2711 compositio
962 2627 1372 2688 medicamenti
1390 2669 1411 2699 ,
1457 2645 1577 2707 quo

248 2710 389 2778 ulcri
428 2712 694 2793 bonique
738 2710 803 2771 &
845 2707 1121 2770 formnati
1169 2709 1466 2792 gignantur
1508 2706 1575 2767 li·

279 2795 329 2866 ri
349 2838 375 2872 ,
410 2794 513 2857 cui
540 2810 819 2874 umquam
841 2787 1137 2854 Persarum
1161 2792 1285 2932 teki
1302 2788 1452 2851 tales
1472 2787 1580 2850 de-

1271 2890 1337 2930 tv
