2000 3600
416 253 508 329 34
661 232 1147 303 apuu-11
1193 234 1572 305 Natu-n.

410 355 480 416 δι
513 351 755 413 arrheno
797 370 995 424 onon,
1026 368 1268 448 quarum
1300 351 1495 415 semen
1538 351 1794 417 testium

411 434 600 496 simile
620 429 723 493 est.
798 433 1064 513 ithymalt
1086 454 1321 515 quoque
1341 454 1631 495 ramorum
1655 456 1794 512 me·-

412 514 627 576 dullam
667 513 986 587 habentes»,
1028 514 1100 574 ad
1132 513 1429 576 Venerem
1458 515 1784 596 proniores

418 594 545 656 fieri
583 594 863 655 dicuntur.
902 593 1231 677 Prodigiosa
1260 594 1419 667 sunt,
1454 617 1581 676 quae
1621 598 1791 658 circa

412 676 529 741 hoc
559 675 793 737 tradidit
831 673 1292 758 Theophrastus,
1326 677 1522 737 auetor
1554 676 1816 758 alioqui,

414 758 637 841 gravis,
659 754 717 818 se
761 772 1011 839 tuageno
1045 759 1198 818 coitu
1235 755 1452 818 durass'e
1475 756 1790 819 libidinem

304 880 317 883 ι
414 837 679 903 comaclu
771 837 921 898 erbae
977 836 1310 918 cujusdam,
1348 836 1511 920 cujus
1550 840 1786 901 nomen

415 918 603 1003 genus
637 938 709 979 ue
745 939 867 978 non
907 916 1115 999 posuit.

500 999 605 1062 LX
637 998 716 1060 V.
757 997 1017 1060 Sideritis
1053 997 1351 1082 adalligata
1394 1000 1616 1060 varices
1659 1000 1787 1060 nii-.-

418 1086 575 1157 nuit‚
593 1083 656 1142 &
668 1082 788 1142 sine
810 1081 1017 1142 dolore
1034 1079 1311 1162 persanat.
1334 1078 1612 1163 Podagrae
1620 1101 1790 1141 mor-

418 1165 528 1226 bus
566 1164 745 1222 rarior
775 1161 993 1222 solebat
1032 1160 1143 1222 esse
1184 1182 1304 1222 non
1338 1161 1519 1221 modo
1542 1168 1788 1242 patruni

421 1260 781 1323 avorumque
834 1243 1157 1315 memoria,
1201 1244 1409 1302 verum
1444 1243 1619 1302 etiarn
1660 1264 1786 1302 no-

422 1325 576 1394 stra,
631 1324 965 1403 peregrinus
1009 1323 1074 1383 &
1122 1319 1259 1403 ipse.
1310 1320 1465 1382 Nam
1507 1325 1554 1382 si
1597 1320 1787 1383 Italia}

414 1404 606 1466 fuisset
650 1404 989 1482 antiquitus»,
1012 1401 1277 1462 Latinum
1298 1423 1516 1463 nomen
1535 1403 1784 1464 invenis·

418 1487 522 1547 set.
564 1481 891 1544 Insatiabilis
917 1504 1038 1542 non
1076 1480 1158 1543 est
1177 1483 1530 1543 credendus:
1559 1486 1788 1565 quippe

416 1567 699 1648 quoniam
739 1565 805 1625 &
842 1565 901 1624 in
935 1564 1131 1624 multis
1166 1562 1369 1644 sponte
1395 1565 1594 1636 desiit,
1635 1567 1700 1625 &
1720 1567 1790 1628 iu

422 1646 678 1730 pluribus
713 1644 1223 1717 cura.'Medentur
1258 1646 1485 1726 panacis
1525 1643 1791 1720 radices3'

420 1749 556 1804 cum
573 1725 690 1788 uva
712 1723 904 1807 passa:
936 1725 1132 1786 succus
1164 1725 1510 1807 hyoscyami
1541 1746 1675 1786 cum
1698 1724 1816 1787 fa·

422 1811 584 1886 rina,
614 1808 714 1870 vel
742 1806 976 1869 semen:
1011 1806 1276 1868 scordion
1314 1828 1387 1867 ex
1418 1823 1621 1869 aceto:
1643 1807 1788 1869 ibe·-

421 1896 497 1953 ris
514 1938 537 1967 ,
580 1892 664 1951 uti
699 1888 908 1961 diffiturn
947 1887 1050 1949 est.
1087 1887 1427 1949 Verbenaca
1455 1908 1588 1949 curn
1606 1909 1790 1949 axum-

421 1975 514 2055 gia
550 1974 712 2041 trita,
751 1971 1056 2051 cyclamini
1082 1969 1271 2039 radix,
1299 1967 1459 2049 cujus
1475 1967 1789 2031 decostum

421 2056 488 2115 δι
525 2051 897 2132 pernionibus
931 2049 1188 2130 prodest.
1222 2050 1509 2132 P-odagras
1538 2048 1788 2132 refrige-

418 2150 507 2192 rat
528 2130 688 2190 radix
725 2151 758 2189 e
789 2130 1027 2210 xiphio,
1052 2128 1248 2190 semen
1284 2150 1318 2191 e
1356 2131 1604 2212 psyllio‚
1626 2132 1789 2193 cicu-

418 2230 479 2281 ta
524 2231 654 2271 cum
690 2208 1008 2292 lithargyro
1041 2227 1137 2273 aut
1159 2214 1434 2295 axungia,
1459 2211 1682 2273 aizoum
1715 2215 1785 2274 in

418 2294 610 2373 primo
625 2294 844 2370 impetu
860 2292 1131 2375 podagrae
1147 2294 1421 2366 rubentis,
1442 2293 1553 2353 hoc
1576 2291 1676 2366 est,
1692 2316 1789 2354 ca·-

419 2375 566 2436 lidae.
594 2372 654 2432 U
656 2372 870 2433 trilibet
887 2376 1034 2434 vero
1062 2376 1336 2437 convenit
1354 2375 1616 2457 erigeron
1637 2395 1778 2435 cum

421 2453 662 2535 axungia
682 2496 702 2525 ‚
741 2453 1077 2534 plantaginis
1120 2452 1257 2515 folia
1291 2456 1424 2516 trita
1459 2456 1655 2515 addito
1696 2454 1783 2516 sa-

420 2538 480 2598 le
508 2535 779 2605 modico,
803 2536 1137 2615 argemonia
1171 2534 1290 2595 tusa
1329 2556 1402 2597 ex
1428 2536 1625 2597 melle.
1648 2535 1787 2597 Me-

425 2619 594 2680 detur
615 2618 677 2679 &
700 2615 1023 2677 verbenaca
1045 2614 1186 2675 illita
1202 2659 1221 2688 ,
1256 2634 1353 2677 aut
1373 2616 1424 2678 si
1452 2617 1632 2697 pedes
1655 2637 1785 2678 ma-

422 2716 696 2758 cerentur
732 2701 791 2756 in
830 2697 976 2779 aqua
1015 2697 1073 2756 in
1107 2697 1220 2779 qua
1250 2695 1486 2760 decosta
1525 2699 1618 2758 sit.

415 2841 423 2852 ,
500 2775 686 2840 LXV.
717 2776 790 2840 Et
808 2777 1090 2858 lappago,
1110 2777 1309 2844 simtlis
1340 2778 1675 2860 anagallidi,
1693 2779 1789 2841 nin
