2000 3600
399 262 817 336 Hlsrox.
866 265 1013 337 Lib.
1055 264 1305 340 XXX.
1427 288 1567 367 ²4⁷

196 370 376 445 'entes
411 383 602 445 illitus«
630 381 812 463 juvat.
849 380 1133 447 comburi
1150 403 1350 449 autem
1369 408 1563 472 opora-

213 480 291 526 tet
323 466 376 525 in
410 460 580 526 'testas
619 462 862 527 Prosunt
899 469 966 528 &
1005 487 1137 528 cum
1176 474 1327 530 mori
1369 473 1567 535 radice

215 547 267 605 in
297 565 451 611 aceto
491 540 694 608 scillite
730 546 955 609 decoffi
975 591 995 622 ‚
1033 550 1110 609 ita
1145 568 1210 612 ut
1234 551 1563 616 colluantur

213 628 409 690 dentes·
440 627 497 689 Is
527 648 763 724 quoque
801 631 1182 703 vermiculus,
1209 636 1305 714 qui
1334 635 1394 694 in
1427 635 1558 697 hen·

211 708 274 768 ba
295 754 315 782 ,
347 708 596 770 Veneris
638 708 808 769 labro
860 708 1150 792 appellata
1172 756 1193 787 ,
1234 716 1552 793 invenitur,

212 794 346 851 cavis
389 791 649 851 dentium
680 791 895 850 inditus
933 792 1079 853 mire
1153 793 1366 856 rodest.
1396 794 1552 860 Nam

208 889 369 932 erucae
408 873 677 933 brassicae
696 917 730 956 ,l
760 870 902 953 ejas·
923 888 1041 934 con
1160 896 1196 935 u
1226 876 1458 938 cadunt.
1476 876 1552 941 Et

208 971 237 1012 e
263 953 441 1014 malva
478 955 713 1014 cimices
749 953 1128 1015 infunduntur
1152 957 1387 1018 auribus
1415 977 1552 1021 cum

159 1028 168 1037 ’
203 1032 431 1096 rosaceo,
459 1033 767 1108 Arenulae,
796 1055 929 1116 quae
960 1037 1332 1099 inveniuntur
1348 1041 1406 1098 in
1426 1058 1554 1100 eor·

204 1115 345 1175 nibus
375 1116 746 1176 cochlearum
764 1136 790 1189 ψ
819 1116 977 1177 cavis
1016 1116 1281 1179 dentium
1313 1119 1551 1195 indita,

208 1192 361 1256 statim
406 1197 652 1257 liberant
713 1196 939 1257 dolore.
981 1196 1372 1261 Cochlearum
1418 1203 1548 1262 ina·

205 1279 340 1338 nium
371 1279 514 1338 cinis
555 1298 690 1338 cum
729 1278 971 1359 myrrha
1000 1281 1098 1361 gin
1140 1283 1249 1342 ivis
1270 1281 1541 1365 prodest:

203 1355 251 1417 se
309 1362 447 1420 entis
467 1378 608 1419 eum
632 1357 744 1419 sale
763 1361 822 1418 in
843 1360 965 1421 olla
986 1380 1099 1422 exu
1149 1384 1197 1422 ae
1222 1366 1365 1423 cinis
1402 1382 1540 1426 cum

206 1456 262 1498 ro
282 1461 410 1502 aceo
445 1442 508 1500 in
545 1441 888 1499 contrariam
922 1460 1122 1503 aurem
1158 1442 1393 1506 infusus.
1421 1445 1545 1507 An·

204 1521 361 1600 guinae
396 1522 757 1582 vernationis
799 1522 1137 1603 membrana
1174 1546 1308 1587 cum
1351 1525 1490 1588 oleo
1517 1569 1540 1603 ‚

203 1602 328 1663 redae
406 1624 440 1663 e
481 1603 673 1663 resina
719 1601 1025 1679 calefafh,
1061 1605 1128 1667 ὅ(
1165 1608 1284 1667 auri
1325 1606 1542 1668 alteru-

203 1684 263 1741 tri
290 1686 343 1743 in
369 1683 461 1744 usa
492 1705 508 1743 τ
548 1683 820 1764 adjiciunt
860 1685 1039 1766 aliqui
1090 1687 1220 1751 thus
1266 1688 1334 1748 &
1378 1686 1540 1749 rosa-

202 1781 376 1828 ceum:
406 1765 614 1828 eadem
656 1767 815 1826 cavis
850 1767 1032 1826 indita
1051 1810 1071 1841 ‚
1106 1784 1170 1827 ut
1201 1770 1325 1828 sine
1347 1769 1539 1830 mole·

203 1842 286 1905 stia
301 1848 500 1908 cadant
526 1893 546 1924 ‚
569 1845 854 1929 praestant.
874 1847 1112 1907 Vanum
1133 1850 1380 1908 arbitror
1399 1848 1540 1922 effe,

195 1927 326 1988 circa
353 1927 532 1991 Canis
569 1944 769 1988 ortum
793 1947 1009 2009 angues
1044 1929 1320 1994 candidos
1357 1951 1539 1992 mem·

198 2005 406 2070 branam
438 2029 570 2071 eam
610 2027 825 2068 exuere
845 2052 865 2081 ‚
907 2010 1185 2091 quoniam
1207 2031 1317 2072 nec
1339 2013 1398 2071 in
1418 2011 1534 2074 Ita-

195 2086 263 2148 lia
284 2091 458 2151 visum
509 2088 631 2163 est,
678 2088 984 2173 multhque
1024 2094 1214 2153 minus
1253 2094 1534 2176 credibile

195 2169 245 2228 in
273 2173 469 2254 tepidis
492 2172 825 2256 regionibus
859 2189 978 2234 tam
1017 2172 1148 2236 serb
1168 2178 1324 2237 exui.
1358 2175 1529 2240 Hanc

195 2266 358 2313 autem
386 2252 486 2315 vel
513 2256 892 2316 inveteratam
931 2276 1068 2315 cum
1106 2257 1239 2317 cera
1288 2259 1533 2319 celerri-

191 2333 274 2392 me
304 2334 499 2396 dentes
528 2335 782 2397 evellere
817 2338 1070 2398 tradunt.
1105 2336 1182 2397 Et
1224 2336 1370 2397 dens
1424 2359 1531 2398 an-

195 2414 363 2491 guium
410 2417 745 2499 adalligatus
796 2418 1039 2479 dolores
1092 2417 1338 2499 mitigat.
1380 2416 1531 2481 Sunt

194 2496 362 2573 qui&
390 2518 661 2559 araneum
702 2498 915 2557 animal
951 2495 1140 2579 ipsum
1164 2496 1386 2558 sinistra
1403 2518 1533 2558 ma-

193 2591 259 2634 nu
290 2595 551 2661 captum,
581 2579 898 2669 tritumque
936 2579 999 2636 in
1042 2575 1282 2637 rosaceo
1301 2620 1322 2651 ‚
1365 2578 1433 2641 δι
1472 2580 1535 2642 in

191 2671 360 2719 aurem
401 2658 651 2720 infusum
670 2702 691 2733 ‚
721 2669 886 2735 cujus
909 2678 943 2716 a
963 2673 1127 2739 parte
1148 2657 1367 2728 doleat,
1388 2677 1533 2739 pro-

189 2734 322 2800 dess'e
359 2739 722 2802 arbitrentur.
778 2737 1066 2801 Ossiculis
1095 2737 1428 2823 gallinarum
1466 2741 1528 2803 i'n

183 2820 382 2901 pariete
395 2822 689 2901 *sei-vatia
713 2818 902 2887 fistula
931 2818 1091 2886 salva
1109 2865 1131 2897 ,
1154 2819 1359 2973 aila&
1389 2821 1533 2888 deus·

1254 2924 1321 2971 17
