2000 3600
412 248 560 319 »24
686 227 778 299 ι’.
828 226 1185 299 Fumi
1235 224 1371 297 NA
1398 240 1447 295 τ
1470 239 1621 297 vn.

458 347 603 409 dus:
633 345 822 406 minus
842 344 935 405 hic
959 343 1411 418 vomitionibus,
1439 342 1615 426 quam
1641 341 1831 426 supe-*u*

464 429 584 487 rior
602 467 623 497 ‚
654 426 833 485 ceteri
862 426 1025 486 item.
1043 423 1246 506 Aliqui
1268 427 1350 485 sic
1384 423 1673 486 &folium
1692 423 1826 514 ejus
1929 466 1951 477 ..

454 504 711 578 dedere,
738 524 948 567 nucem
983 506 1130 567 vero
1163 508 1181 563 i
1227 504 1345 565 sam
1378 507 1438 565 in
1477 503 1698 579 mulso,
1717 523 1828 568 aut

458 583 616 668 passo
636 628 657 658 ,
689 585 792 646 vel
829 606 965 645 cum
1008 583 1179 646 sesam
1218 627 1236 646 .
1283 583 1487 645 Trahit
1524 586 1707 645 bilem
1747 585 1825 648 &-

457 666 726 748 pituitam
752 685 855 747 per
873 665 1091 727 alvum.
1122 663 1261 727 Oris
1296 666 1490 726 ulcera
1517 664 1690 726 sanat.
1713 663 1827 728 Ad

458 765 666 807 nomas
718 748 839 806 oris
892 744 1100 807 folium
1154 766 1289 806 cum
1347 746 1525 806 melle
1585 743 1757 806 estur.

539 824 693 886 ΧΗ.
735 824 998 886 Tertium
1058 845 1198 889 enus
1215 826 1512 906 tithymali
1536 825 1832 906 paralium

458 924 703 969 vocatur
730 949 754 979 ‚
805 907 931 966 sive
971 908 1017 966 ti
1080 905 1291 986 ymalis
1335 904 1480 966 folio
1520 907 1774 967 rotundo
1796 951 1826 982 ,

453 986 623 1048 caule
664 987 917 1066 palmum
952 985 1073 1048 alto
1089 1027 1112 1058 ‚
1151 988 1321 1046 ramis
1346 986 1680 1047 rubentibus
1696 1029 1718 1059 ‚
1738 985 1825 1049 se-

450 1070 617 1129 mine
639 1067 808 1142 albo,
829 1067 989 1148 quod
1005 1066 1303 1204 ,colliffitur
1331 1067 1638 1147 incipiente
1664 1067 1823 1140 uva,

459 1150 530 1210 &
565 1148 839 1207 siccatum
879 1149 1115 1218 teritur,
1173 1148 1499 1229 umiturque
1536 1146 1827 1209 acetabuli

460 1225 726 1290 mensura
756 1225 829 1285 ad
869 1228 1269 1308 purgationes..

539 1304 724 1366 XLII.
763 1303 1061 1384 Quartum
1159 1327 1265 1368 nus
1286 1305 1544 1370 heliosco
1588 1309 1688 1370 iou
1710 1320 1827 1391 a‘pd

458 1386 710 1469 pellant,
740 1384 889 1445 foliis
919 1390 1082 1468 porci
1104 1409 1257 1462 acae,
1278 1389 1511 1450 ramulis
1589 1390 1821 1450 antibus

456 1488 495 1525 a
515 1466 708 1526 radice
768 1484 973 1528 uatuor
993 1484 1091 1527 aut
1118 1470 1371 1550 quinque
1388 1512 1409 1544 ‚
1435 1470 1767 1531 rubentibus
1791 1513 1820 1543 ‚

446 1489 793 1628 ‚semipedali
834 1548 1131 1610 altitudine
1151 1594 1170 1619 ,
1216 1548 1367 1609 succi
1418 1549 1621 1631 plenis.
1678 1549 1823 1612 Hoc

461 1629 613 1688 circa
635 1626 854 1722 oppida
873 1627 1148 1704 nascitur,
1172 1628 1387 1691 semine
1405 1630 1572 1703 albo,
1595 1629 1819 1691 colum·-

456 1705 550 1768 bis
595 1710 939 1789 gratissimo.
980 1707 1217 1769 Nomen
1257 1712 1498 1790 accipit,
1538 1711 1820 1792 quoniam

459 1789 647 1869 capita
684 1810 817 1850 cum
854 1786 992 1851 Sole
1027 1791 1379 1871 circumagit.
1415 1789 1619 1852 Trahit
1634 1789 1820 1854 bilem

448 1919 453 1924 .
507 1890 570 1929 er
604 1868 825 1932 inferna
853 1872 914 1930 in
935 1871 1259 1952 oxymelite
1285 1871 1528 1933 dimidio
1546 1870 1820 1934 acetabu-

446 1889 526 2010 fo
553 1969 569 2007 τ
609 1953 787 2011 ceteri
822 1950 952 2011 usus
973 1994 995 2025 ‚
1021 1954 1122 2032 qui
1160 1940 1449 2014 characiae.

448 2061 453 2065 -
541 2025 753 2088 XLIIL
801 2028 1096 2107 Quintum
1151 2033 1507 2112 cyparissian
1550 2049 1767 2096 vocant
1788 2048 1820 2109 ,'

442 2124 701 2188 propter
720 2106 995 2172 foliorum
1020 2110 1490 2187 similitudinem,
1521 2115 1685 2175 caule
1743 2127 1818 2177 e-

460 2188 624 2246 mino
663 2206 759 2249 aut
791 2191 862 2264 tri
906 2189 1000 2249 lici
1040 2188 1365 2256 nascentem
1396 2197 1455 2255 in
1492 2216 1659 2277 camp
1748 2197 1819 2256 ri·
1867 2237 1874 2242 -

460 2266 607 2330 bus:
639 2270 842 2330 cui‘ea
884 2288 980 2330 em
1017 2271 1141 2349 vis,
1166 2293 1296 2354 quae
1335 2274 1691 2357 helioscopio
1712 2293 1814 2338 aut

451 2345 748 2410 characiae.

444 2477 453 2488 ,
539 2425 773 2491 XLIV.'
809 2427 1046 2493 Sextum
1104 2435 1519 2518 platyphyllon
1560 2454 1811 2502 vocant:

453 2506 553 2568 alii
590 2509 993 2589 corymbum,
1032 2512 1128 2574 alii
1167 2518 1562 2598 amygdaliten
1593 2540 1629 2578 a
1662 2521 1818 2580 simi·

440 2588 719 2651 ,litudine.
761 2589 820 2652 N
824 2612 891 2656 ec
916 2593 1085 2652 ullius
1119 2594 1322 2657 latiora
1347 2596 1474 2659 sunt
1508 2597 1665 2660 folia.
1698 2598 1817 2660 Pis-

444 2688 561 2727 -ees
592 2688 789 2747 necat,
832 2673 1033 2735 alvum
1066 2671 1268 2751 solvit,
1301 2678 1494 2740 radice
1511 2722 1533 2752 ‚
1565 2679 1674 2741 vel
1706 2678 1814 2740 fo-

442 2744 589 2826 Jiis,
628 2752 729 2815 vel
765 2751 936 2817 succo
976 2757 1039 2817 in
1079 2755 1265 2820 mulso
1282 2801 1306 2834 ,
1339 2774 1440 2821 aut
1475 2760 1627 2842 aqua
1654 2762 1818 2828 mul-

1747 2837 1818 2907 sa
