2000 3600
445 209 582 263 122
684 190 754 262 C.
805 192 1172 261 ΡιιΝιι
1224 189 1612 261 ΝΑτυκ.

441 313 506 372 ni
544 307 754 372 cinctus
794 307 892 368 tali
931 306 1095 367 nodo
1112 349 1132 380 ‚
1174 308 1298 369 vim
1341 305 1655 390 quamdam
1694 305 1839 369 hac·

444 392 584 453 bere
618 388 820 451 utilem
877 386 1182 449 dicuntur:
1256 390 1432 469 uippe
1477 389 1612 448 cum
1646 385 1838 450 Her-

441 472 599 533 cules
636 490 772 532 eum
810 468 1152 550 prodiderit.
1262 488 1529 529 umerum
1569 489 1838 552 quoquc

438 552 862 636 quaternarium
898 548 1241 611 Demetrius
1274 550 1516 611 condito
1552 549 1839 611 volumi·

438 652 551 706 ne,
566 633 634 693 δι
652 652 830 716 quare
850 631 1116 713 quaterni
1137 632 1337 712 cyathi
1363 630 1670 692 sextariive
1691 651 1835 694 non

435 710 618 774 essent
647 713 906 795 potandi.
949 709 1176 773 Contra
1203 711 1613 793 lippitudinem
1646 729 1835 774 retro

438 814 610 854 aures
648 792 854 854 fricare
897 791 1136 875 prodest
1159 837 1180 868 ‚
1223 794 1292 855 ὃς
1328 791 1649 853 lacrimosis
1667 811 1835 854 ocu⁴

437 875 509 938 lis
539 873 816 936 frontem.
837 871 1165 956 Augurium
1191 894 1265 933 ex
1287 871 1524 935 homine
1560 871 1699 955 ipso
1735 872 1831 936 est

437 956 819 1034 non·timendi
838 972 1092 1016 mortem
1112 956 1171 1014 in
1197 954 1533 1036 aegritudine
1549 997 1569 1028 ‚
1647 975 1827 1016 uam-

439 1038 541 1099 diu
576 1037 879 1098 oculorum
920 1035 1157 1117 pupillae
1191 1037 1501 1117 imaginem
1539 1054 1603 1095 re
1650 1036 1829 1100 dant.

482 1116 745 1180 ‚XVIIL
788 1116 1004 1198 Magna
1047 1118 1113 1178 &
1146 1117 1325 1177 urinae
1370 1137 1488 1178 non
1527 1117 1676 1177 ratio
1728 1116 1831 1178 so·

441 1198 600 1270 lum,
637 1196 739 1257 sed
775 1200 948 1257 etiam
983 1197 1188 1279 religio
1230 1197 1386 1279 apud
1420 1194 1686 1258 aqures
1725 1199 1827 1259 in·
1855 1223 1872 1237 ·

439 1280 671 1341 venitur
688 1321 706 1351 ‚
730 1274 947 1358 digesta
973 1278 1035 1336 in
1054 1297 1285 1360 genera.
1305 1276 1647 1359 Spadonum
1664 1299 1829 1361 quo·

441 1377 557 1440 qne
593 1357 667 1418 ad
706 1356 1076 1418 fecunditatis
1118 1356 1421 1419 beneficia.
1463 1358 1697 1419 Verum
1743 1379 1825 1421 ex

440 1440 528 1499 his
562 1459 692 1519 quae
728 1436 951 1498 referre
982 1437 1066 1499 fas
1101 1440 1175 1499 sit
1195 1482 1216 1512 ‚
1237 1438 1561 1521 impubium
1585 1460 1826 1521 puero·

439 1538 570 1580 rum
605 1535 806 1581 contra
845 1517 1046 1580 salivas
1065 1517 1324 1601 aspidum
1344 1563 1365 1593 ,
1387 1540 1528 1601 quas
1557 1522 1824 1601 ptyadas

439 1617 693 1676 vocant,
713 1601 991 1683 quoniam
1027 1619 1259 1661 venena
1278 1603 1350 1660 'in
1384 1600 1592 1660 oculos
1611 1601 1827 1663 homi-

441 1701 585 1744 num
625 1679 902 1764 exspuant
935 1702 951 1742 t
993 1698 1198 1742 contra
1238 1679 1544 1743 oculorum
1578 1681 1825 1766 albugi-
1913 1753 1920 1760 ι

442 1782 550 1835 nes
566 1809 585 1839 ,
610 1761 986 1825 obscuritates
1004 1807 1024 1838 ‚
1045 1763 1373 1838 cicatriceS‚
1397 1782 1628 1846 argema
1639 1766 1824 1907 :¹8¹ss-

443 1846 654 1928 pebras
671 1890 693 1920 ‚
718 1845 785 1907 δι
820 1866 960 1907 cum
982 1846 1109 1908 ervi
1140 1842 1321 1905 farina
1345 1861 1544 1905 contra
1560 1843 1635 1905 ad
1738 1848 1827 1907 'o-

442 1946 549 1986 nes
574 1948 590 1987 :
632 1942 835 1987 contra
867 1928 1091 1988 aurium
1111 1946 1281 2007 pura,
1303 1924 1820 2009 vermiculosque,

402 2042 407 2045 Δ
438 2004 495 2066 si
531 2005 887 2085 decoquatur
913 2006 988 2067 ad
1022 2007 1286 2068 dimidias
1311 2024 1499 2086 partes
1517 2027 1654 2068 cum
1673 2029 1823 2090 por-

441 2104 514 2155 ro
555 2085 808 2164 capitato
845 2105 1012 2147 novo
1059 2085 1232 2148 fictili.
1279 2087 1606 2168 Vaporatio
1655 2111 1821 2173 quo-

440 2183 558 2245 que
598 2184 668 2224 ea
697 2162 925 2225 menses
959 2163 1304 2231 feminarum
1346 2172 1483 2231 ciet.
1515 2167 1687 2250 Salpe
1712 2171 1818 2233 fo-

442 2262 547 2321 vet
588 2243 687 2307 illa
725 2244 931 2307 oculos
966 2243 1252 2307 firmitatis
1290 2250 1496 2312 causa:
1520 2250 1818 2316 illinitSo-

441 2325 500 2387 le
546 2323 702 2399 usta,
724 2326 859 2386 cum
876 2327 977 2388 ovi
1003 2326 1324 2402 afflamine,
1347 2327 1638 2393 efficacius
1661 2330 1818 2394 stru·

439 2406 778 2470 thiocameli
797 2450 819 2481 ‚
856 2405 1008 2470 binis
1041 2408 1216 2469 horis.
1259 2408 1389 2471 Hac
1411 2412 1476 2474 &
1498 2414 1814 2476 atramenti

443 2488 629 2550 liturae
673 2488 1000 2550 abluuntur.
1038 2486 1241 2550 Virilis
1282 2492 1556 2573 podagris
1601 2497 1815 2559 mede·

443 2586 578 2645 tur,
610 2587 950 2655 argumento
981 2568 1268 2633 fullonum
1285 2616 1305 2647 ‚
1342 2595 1490 2656 quos
1518 2575 1658 2637 ideo
1683 2593 1813 2638 ten-

440 2655 550 2710 tari
585 2672 663 2714 eo
695 2652 908 2719 morbo
947 2672 1181 2737 negant.
1205 2653 1409 2716 Veteri
1430 2654 1702 2717 miscetur
1723 2659 1812 2717 ci·

441 2730 533 2793 nis
552 2730 875 2810 ostreorum
888 2778 913 2816 ‚
936 2736 1216 2802 adversus
1238 2737 1567 2821 eruptiones
1591 2738 1654 2804 in
1677 2758 1813 2806 cot·
