2000 3600
339 318 470 390 HI
492 339 535 390 s
568 337 613 389 τ
639 340 686 391 ο
712 341 786 392 R.
812 320 962 394 Lib.
999 268 1309 394 XXXII.
1402 273 1555 425 ¹343

168 440 427 515 viticis,
461 459 535 500 ex
575 455 742 500 aceto
783 455 881 500 aut
918 438 1175 504 rosace0.
1206 438 1302 502 Sic
1325 438 1392 503 &
1412 448 1561 504 con·-

170 519 271 581 ’τι-ε
311 520 637 582 comitiales
667 520 905 604 sumpti:
924 522 1053 604 poti
1070 523 1226 584 verb
1240 539 1443 583 contra
1476 525 1564 584 ina

177 602 458 663 flationes
470 645 490 674 ,
510 604 756 662 tormina
770 646 792 676 ‚
808 621 1062 665 venena.
1077 599 1425 666 Differentia
1435 621 1565 665 tan·

178 684 307 743 tum
358 696 559 744 contra
599 686 808 765 genera
856 682 941 745 est
988 685 1287 744 mixturae.
1308 682 1561 768 Quippe

178 764 469 825 adversus
491 762 828 845 scorpiones
854 782 929 825 ex
950 763 1096 827 vino
1119 763 1429 827 bibuntur:
1454 766 1563 828 ad-

178 846 389 905 versus
448 843 747 928 phalangia
782 845 849 907 &
887 863 1129 905 araneos
1146 887 1173 919 ,
1212 850 1288 905 e'x
1328 844 1552 918 mulso,

177 925 259 986 ita
293 942 363 986 ut
387 927 738 987 ·vomitione
778 924 1094 986 reddantur
1115 968 1136 999 ,
1185 941 1282 986 aut
1316 940 1382 985 ut
1419 928 1558 988 reti·

178 1023 461 1078 neantur,
482 1027 617 1067 curn
633 1007 757 1069 ruta
778 1028 794 1067 t
819 1006 1099 1069 adversus
1117 1005 1402 1066 chalcidas
1420 1026 1558 1069 cum

175 1090 466 1168 myrtite:
507 1087 783 1148 adversus
842 1085 1099 1149 cerasten
1133 1086 1199 1147 &
1236 1085 1556 1170 presteras,

175 1180 316 1230 'cum
344 1188 599 1252 panace,
622 1185 717 1230 aut
747 1167 877 1231 ruta
896 1211 917 1242 ,
960 1188 1038 1229 ex
1057 1168 1201 1229 vino
1232 1189 1248 1230 t
1275 1166 1557 1229 adversus

178 1266 408 1311 ceteras
443 1248 530 1310 ser
575 1266 736 1311 entes
757 1296 779 1323 ‚
817 1269 952 1311 cum
988 1249 1157 1312 vino.
1205 1247 1356 1311 Dari
1389 1247 1555 1310 binas

180 1330 487 1392 drachmas
548 1332 653 1391 atis
694 1329 817 1392 est:
858 1349 1066 1392 eorum
1106 1350 1236 1411 quae
1281 1326 1556 1409 adjician-

167 1422 270 1472 ’tur
295 1457 320 1488 ,
373 1411 644 1494 singulaS.
679 1409 1046 1473 Auxiliantur
1083 1412 1354 1492 privatim
1404 1431 1560 1471 con-

165 1502 259 1555 ‘tra
307 1490 538 1555 viscum
577 1511 650 1551 ex
684 1508 851 1554 aceto
880 1511 898 1552 t
938 1490 1219 1573 adversus
1256 1493 1552 1553 aconitum

181 1590 252 1633 ex
285 1570 447 1634 lacte
464 1615 487 1643 ,
514 1589 610 1631 aut
646 1572 834 1652 aqua:
870 1570 1183 1632 adversum
1230 1570 1553 1634 elleborum

180 1653 382 1715 album
414 1672 488 1713 ex
525 1650 673 1736 aqua
694 1649 878 1712 mulsa
912 1652 1201 1734 nitroque.
1232 1649 1555 1714 Medentur

181 1734 246 1795 &
276 1731 554 1795 dentibus
578 1775 607 1807 ,ff
645 1730 816 1793 infusi
851 1752 985 1795 cum
1024 1731 1163 1814 oleo
1203 1733 1323 1795 triti
1361 1734 1422 1792 in
1451 1753 1556 1792 au·-

179 1835 298 1877 rem
322 1859 349 1888 ,
391 1815 427 1875 a'
456 1812 618 1893 cujus
648 1831 811 1897 parte
850 1814 1135 1876 doleantt
1179 1814 1410 1874 aurium
1447 1812 1558 1873 do-

181 1891 407 1959 loribus
433 1895 639 1955 melius
658 1939 677 1969 ,
714 1897 762 1955 si
800 1914 936 1955 cum
971 1893 1270 1955 meconio.
1304 1890 1559 1955 Clarita-

180 1992 299 2039 tem
340 1974 499 2037 visfis
533 1974 747 2035 faciunt
779 1994 915 2035 cum
948 1972 1125 2034 melle
1158 1972 1361 2035 Attico
1380 1975 1556 2034 inun-

182 2056 273 2119 ἂὶ.
320 2054 630 2120 Cohibent
678 2055 764 2115 sin
847 2055 961 2116 ltus
1014 2073 1089 2114 ex
1128 2070 1318 2117 aceto·
1367 2053 1555 2115 Urina

183 2158 300 2220 quo
350 2158 427 2199 ue
461 2135 595 2197 fibri
624 2137 735 2197 resi
791 2138 833 2197 't
860 2136 1103 2197 venenis
1129 2178 1149 2210 ,
1187 2136 1255 2201 δι
1290 2135 1370 2198 ob
1389 2134 1450 2198 id
1491 2137 1554 2198 in

177 2222 297 2281 anti
347 2235 447 2279 ota
487 2217 734 2280 additur.
772 2217 1133 2280 Adservatur
1170 2231 1366 2279 autem
1388 2221 1551 2303 opti-

171 2301 283 2361 ‘me
308 2300 373 2359 in
411 2297 514 2362 sua
548 2300 748 2361 vesica
768 2344 787 2372 ,
812 2316 876 2361 ut
912 2301 1086 2382 aliqui
1121 2296 1470 2360 existimant.

261 2378 438 2443 XIV.
451 2400 510 2456 4.
530 2378 813 2442 Geminus
834 2381 1094 2441 similiter
1108 2376 1289 2441 vietus
1312 2379 1370 2437 in
1388 2399 1421 2438 a
1464 2379 1556 2438 uis

182 2461 458 2541 terraque
490 2457 834 2519 testudinum
855 2503 877 2533 ‚
907 2455 1258 2541 effectusque
1291 2479 1394 2539 par
1414 2400 1557 2519 :cluo-

183 2560 338 2604 nore
378 2536 651 2598 habendo
675 2582 701 2610 ,
741 2539 844 2598 vel
890 2555 1133 2619 propter
1170 2537 1456 2600 excellens
1495 2540 1555 2597 in

184 2622 291 2684 usu
313 2619 564 2702 pretium
581 2660 600 2689 ,
616 2635 941 2699 naturaeque
962 2618 1398 2699 proprietatem.
1411 2616 1557 2678 Sunt

150 2736 158 2744 ·
190 2721 338 2785 ergo
372 2696 719 2759 testudinum
745 2718 954 2780 genera
972 2741 991 2770 ,
1029 2695 1324 2759 terrestres
1346 2742 1367 2773 ,
1389 2701 1557 2760 mari·

175 2793 282 2842 'nae
314 2824 336 2854 ,
380 2780 601 2842 lutariae
628 2822 647 2849 ‚
692 2780 758 2841 &
793 2799 920 2861 quae
969 2780 1030 2839 in
1079 2777 1234 2840 dulci
1275 2780 1423 2861 aqua
1458 2782 1556 2841 vi·

177 2876 359 2928 'vunn
379 2861 503 2925 Has
526 2860 760 2946 quidam
779 2880 812 2923 e
843 2858 1065 2925 Graecis
1095 2860 1337 3005 enge-las
1362 2860 1559 2946 appel-

1252 2966 1315 3008 ιν
