2000 3600
438 232 530 329 36
697 233 765 302 C.
818 234 1172 302 ΡιιΝιι
1222 233 1650 303 ΝΑιιἬιις7

433 374 635 415 recens
680 349 799 411 tusa
834 372 966 411 cum
1001 359 1307 412 cucumere
1358 351 1644 425 silvestri,
1690 353 1804 418 vel

438 432 680 495 decoCia
714 434 774 490 in
813 433 977 511 aqua.
1019 429 1355 513 Digitorum
1375 435 1434 492 in
1456 435 1701 513 pedibus
1725 439 1814 494 ri-

440 517 551 576 mis
581 513 891 594 polypodii
915 513 1094 572 radix.
1112 513 1383 572 Articulis
1404 512 1599 574 succus
1623 514 1814 596 hyos-

436 596 635 676 cyami
670 615 803 653 cum
837 593 1115 675 axungia:
1152 597 1368 654 amomi
1407 594 1603 654 succus
1659 617 1808 657 cum

441 673 721 735 decocto:
762 679 900 734 item
940 674 1312 735 centunculus
1360 674 1597 735 decoEia
1627 719 1649 747 ,
1697 677 1810 738 vel

442 754 669 816 muscus
704 775 903 816 recens
937 776 1010 816 ex
1051 756 1199 837 aqua
1234 755 1558 838 obligatus,
1606 757 1809 818 donec

438 835 745 898 inarescat:
1331 883 1339 893 .

523 917 675 977 Item
723 916 907 996 lappae
938 916 1152 975 boariae
1190 916 1346 975 radix
1382 936 1416 976 e
1446 918 1588 977 vino
1636 932 1813 998 pota-¹

440 996 824 1081 cyclaminos
861 995 1097 1057 decoSia
1128 999 1186 1056 in
1221 996 1370 1078 aqua
1392 998 1808 1078 perniunculos

432 1097 637 1152 ¹curat,
680 1081 986 1160 omniaque
1025 1077 1130 1137 alia
1170 1075 1399 1159 frigoris
1456 1080 1614 1139 vitia.
1657 1079 1811 1140 Per-

441 1160 743 1220 niunculos
785 1161 848 1219 δι
886 1157 1208 1237 cotyledon
1251 1179 1381 1217 curn
1407 1159 1810 1240 axungiaizfo-

408 1241 520 1301 ,lia
537 1260 610 1300 ex
629 1238 963 1299 batrachio:
1005 1238 1294 1318 epithymi
1320 1238 1533 1299 succus.
1573 1238 1807 1302 Clavos

441 1321 659 1402 pedum
704 1317 946 1379 extrahit
996 1317 1265 1379 ladanum
1312 1340 1444 1380 cum
1493 1318 1755 1382 castoreo
1783 1346 1826 1395 z,

440 1400 760 1464 verbenaca
800 1419 872 1467 ex
894 1400 1076 1469 vino.

426 1528 433 1535 .
522 1478 764 1540 LXVII.
796 1478 969 1539 Nunc
1009 1478 1248 1561 peraffis
1281 1481 1445 1541 malis
1469 1502 1597 1562 quae
1617 1502 1811 1544 mem-

426 1560 649 1622 -bratim
710 1559 1017 1622 sentiuntur
1040 1605 1057 1633 ,
1095 1562 1350 1622 dicemus
1392 1563 1467 1623 de
1506 1563 1590 1622 his
1612 1608 1631 1634 ‚
1667 1585 1811 1645 quae

442 1644 584 1703 totis
621 1643 960 1724 corporibus
1001 1641 1328 1724 graffantur.
1373 1642 1653 1703 Remedia
1692 1666 1811 1705 au-

441 1739 564 1785 tem
605 1722 728 1783 haec
768 1724 1100 1783 communia
1120 1725 1377 1785 invenio.
1408 1723 1565 1784 Ante
1589 1744 1809 1786 omnes

440 1800 755 1887 potandam
799 1804 1254 1878 dodecatheum,
1284 1805 1356 1863 de
1382 1806 1495 1887 qua
1515 1805 1806 1869 diximus:

422 1887 655 1948 deinde
691 1887 917 1967 panacis
948 1887 1211 1945 omnium
1231 1904 1507 1966 generum
1541 1887 1805 1961 radices,

441 1967 801 2062 peculiariter
833 1966 1160 2047 longinquis
1198 1966 1416 2027 morbis
1438 2012 1457 2041 ‚
1492 1967 1558 2028 δι
1602 1965 1808 2029 semen

439 2062 867 2107 interaneorum
899 2049 1073 2106 vitiis·
1113 2045 1213 2106 Ad
1243 2067 1448 2107 omnes
1485 2049 1630 2108 verb
1665 2069 1808 2109 cor-

442 2127 603 2208 poris
638 2126 871 2186 dolores
915 2124 1140 2187 succum
1167 2145 1200 2186 e
1226 2125 1640 2189 scordiotitem
1653 2128 1808 2193 Vet-

418 2208 648 2269 -tonicae
669 2250 690 2279 ‚
723 2228 850 2287 quae
870 2210 1010 2285 pota
1029 2206 1289 2267 colorem
1311 2209 1645 2289 plumbeum
1666 2231 1810 2271 cor-

439 2290 598 2370 poris
638 2289 906 2369 privatim
931 2288 1230 2363 emendat,
1249 2291 1681 2371 gratioremque
1703 2303 1812 2353 re-

439 2369 618 2431 ducit.
1775 2407 1780 2412 ·

521 2447 794 2510 LXVIII.
833 2446 1131 2511 Geranion
1165 2451 1238 2511 ali
1282 2453 1343 2511 ui
1382 2454 1677 2533 myrrhint
1702 2456 1807 2515 alii

441 2531 736 2614 myrtidan
771 2531 1081 2611 appellant.
1117 2471 1329 2590 Similis
1354 2531 1434 2591 est
1454 2535 1686 2605 cicutae,
1709 2533 1809 2595 fo·

437 2614 531 2684 liis
571 2610 1001 2685 minutioribus,
1028 2612 1094 2673 &
1117 2610 1277 2671 caule
1300 2612 1572 2686 brevior,
1595 2633 1807 2675 rotun-

439 2693 547 2764 da,
584 2692 798 2775 saporis
819 2739 839 2768 ‚
875 2694 939 2755 &
971 2694 1169 2754 odoris
1205 2689 1460 2771 jucundi.
1492 2692 1690 2756 Nostri
1713 2698 1804 2758 sic

436 2791 569 2836 eam
587 2776 832 2839 tradunt·
856 2771 1052 2837 Graeci
1059 2772 1216 2835 foliis
1224 2773 1646 2858 candidioribus
1658 2796 1801 2860 pau·-
