2000 3600
496 305 635 384 150
732 288 802 356 C.
853 285 1210 355 Parim-1
1259 284 1636 356 NArvn.

536 398 719 464 XLI.
753 395 919 481 Quin
960 403 1030 464 &
1066 400 1290 485 sanguis
1328 422 1539 464 eorum
1581 401 1857 485 septicam

487 483 610 546 vim
645 483 842 545 habet.
903 480 1055 543 Item
1095 503 1373 565 equarum
1402 528 1422 557 ,
1463 501 1691 565 praeter
1769 505 1857 544 am

486 564 775 643 virginum
795 596 821 633 ,·
840 564 1030 628 erodit
1052 609 1072 638 ,
1099 566 1416 646 emarginat
1449 564 1677 625 ulcera.
1691 507 1858 625 ‘11an

488 644 644 705 rinus
680 643 917 726 quidem
936 665 1138 705 recens
1161 647 1312 705 inter
1333 665 1570 706 venena
1601 643 1729 719 est,
1765 665 1857 704 ex·

488 722 663 806 cepta
700 725 922 808 AEgira.
953 724 1045 786 Ibi
1067 727 1221 786 enim
1253 722 1518 787 sacerdos
1540 723 1749 786 Terrae
1767 745 1859 784 va-

488 805 791 867 ticinatura
820 851 844 879 ‚
899 808 1044 867 tauri
1101 803 1433 888 sanguinem
1491 805 1651 867 bibit
1706 806 1852 887 prius

490 883 668 967 quam
714 888 774 945 in
813 885 1048 968 specum
1075 884 1421 948 descendat..
1451 885 1718 947 Tantum
1750 906 1855 965 po-

492 963 605 1026 test
645 962 969 1047 sympathia
1008 966 1139 1042 illa,
1163 967 1237 1027 de
1278 967 1395 1049 qua
1430 965 1771 1048 loquimur,
1793 979 1849 1023 ut

493 1047 805 1128 aliquando
856 1048 960 1109 reli
1001 1048 1137 1109 ione
1159 1091 1181 1122 ,
1213 1063 1308 1108 aut
1351 1047 1488 1108 loco
1525 1045 1657 1107 fiat.
1699 1044 1852 1106 Dru·

383 1195 394 1205 ,
495 1124 588 1188 sus
624 1128 882 1189 tribunus
928 1149 966 1207 p
1026 1128 1120 1188 bei
1161 1127 1397 1188 traditur
1441 1130 1748 1209 caprinum
1767 1124 1849 1184 bia

492 1204 633 1268 hiffe
653 1252 677 1280 ‚
710 1210 840 1268 cirm
884 1207 1209 1287 pallor&
1249 1207 1468 1268 invidia
1510 1208 1729 1271 veneni
1751 1203 1847 1267 sibi

494 1286 615 1347 dati
648 1286 972 1347 insimulare
1019 1284 1106 1366 Q.
1152 1285 1499 1369 Caepionem
1562 1289 1849 1348 inimicum

477 1365 696 1428 vellet.
755 1366 1074 1427 Hircorum
1124 1365 1380 1449 sanguini
1420 1385 1579 1430 tanta
1615 1370 1706 1430 vis
1735 1362 1845 1435 est,

492 1464 557 1507 ut
568 1444 1051 1508 ferramentorum
1067 1446 1338 1509 subtilitas
1356 1470 1474 1510 non
1492 1450 1665 1511 aliter
1679 1447 1848 1514 aerius

493 1522 818 1601 induretur3
854 1526 1111 1590 scabritia
1133 1528 1383 1625 poliatur
1403 1528 1809 1591 vehementius
1821 1564 1843 1595 ,

495 1605 668 1687 quam
705 1608 859 1670 lima.
898 1608 1043 1671 Non
1074 1611 1244 1690 igitur
1279 1611 1344 1672 &
1388 1607 1621 1692 sanguis
1652 1609 1847 1674 anima,-

493 1688 637 1749 lium
668 1690 822 1749 inter
855 1691 1187 1750 communia
1226 1688 1342 1750 dici
1426 1691 1612 1767 otest,
1638 1685 1842 1760 &ideo

494 1766 607 1831 suis
647 1767 778 1851 quis
849 1789 882 1831 e
930 1771 1152 1832 dicetur
1186 1768 1376 1832 effeffi
1417 1791 1505 1833 us·

578 1848 764 1914 XLII.
869 1853 1153 1936 igeremus
1191 1854 1348 1912 enim
1379 1854 1438 1912 in
1480 1851 1638 1914 mala
1663 1851 1843 1929 singu·

496 1928 554 1992 la
591 1930 720 1992 usus
743 1976 764 2005 ‚
809 1933 1234 2015 plurimumque
1291 1950 1494 1993 contra
1544 1933 1840 2014 serpentes·

496 2008 686 2071 Exitio
731 2013 818 2071 his
855 2010 968 2075 esse
1021 2034 1230 2074 cervos
1270 2022 1446 2075 nemo
1499 2015 1755 2097 ignorat,
1785 2020 1839 2065 ut

496 2090 547 2149 si
590 2110 719 2172 quae
759 2089 917 2164 sunt,
959 2094 1234 2169 extraflas
1278 2096 1542 2155 cavernis
1577 2090 1841 2157 manden·

495 2185 605 2229 tes.
649 2168 777 2229 Nec
831 2173 979 2231 verb
1027 2174 1136 2252 ipsi
1192 2171 1582 2257 spirantesque
1628 2170 1836 2234 'tantum

495 2248 901 2325 adversantur,
935 2249 1037 2312 sed
1074 2252 1441 2316 membratim
1478 2246 1837 2338 quoque.Fu-

495 2333 615 2413 gari
657 2350 753 2390 eas
796 2330 1001 2393 nidore
1049 2354 1229 2393 cornu
1275 2356 1484 2396 eorum
1529 2340 1579 2398 si
1623 2347 1832 2395 uratur,

496 2410 708 2473 dietum
733 2408 849 2471 est:
872 2429 928 2472 at
967 2412 1042 2474 de
1079 2412 1304 2476 summo
1335 2434 1562 2498 gutture
1600 2414 1729 2476 ustis
1756 2402 1834 2466 os·

496 2493 683 2566 sibu5‚
720 2512 832 2552 con
872 2492 1053 2575 regati
1072 2495 1350 2556 dicuntur.
1377 2497 1563 2558 Pelles
1599 2490 1836 2576 ejusdem

496 2574 754 2635 animalis
786 2571 843 2633 su
888 2572 1069 2637 stratae
1091 2621 1109 2649 ,
1143 2577 1370 2637 securos
1400 2576 1663 2658 praestant
1684 2572 1833 2635 abeo

496 2671 659 2716 metu
701 2653 954 2719 somnos.
992 2655 1124 2718 Coa
1164 2658 1322 2718 ulum
1360 2679 1596 2740 quoque
1621 2676 1693 2717 ex
1717 2666 1834 2710 ace·

494 2747 562 2792 to
598 2752 803 2816 potum
847 2738 919 2798 ab
955 2737 1099 2800 iGu:
1212 2741 1257 2798 si
1278 2741 1516 2799 omnino
1553 2735 1831 2799 “aestatum

383 2886 388 2892 ι
495 2811 569 2873 sit
592 2854 614 2887 ,
651 2834 725 2877 eo
768 2817 865 2879 die
900 2837 1023 2880 non
1061 2816 1195 2881 ferit
1211 2817 1686 2903 serpens.Testes
1706 2826 1835 2896 (1⁰02
