2000 3600
461 263 781 336 stro
799 223 1051 338 assLib.
1081 267 1383 343 xxvn.
1479 298 1568 369 91

196 383 422 466 phoras
468 381 629 444 collo
672 384 1043 447 circumdant.
1078 385 1144 446 In
1171 390 1433 451 tertianis
1534 394 1585 451 ῐ-

176 466 336 525 dam
353 463 591 525 sinistra
609 485 786 526 manu
800 465 1053 528 evulsam
1072 468 1403 553 adalligant:
1427 492 1461 531 a
1505 473 1587 533 eo

195 563 411 641 contra
458 545 754 645 profluuia
786 544 881 606 san
959 549 1107 622 inis,
1129 570 1237 611 nec
1261 549 1434 614 ullam
1457 573 1585 616 ma·

192 626 1575 792 ⁸¹‘xssfffssassssssa‘tzosstffissffffihzss33:332„

186 787 504 883 appellare
534 786 796 859 malunt,
829 787 984 859 foliis
1021 788 1139 852 albi
1172 790 1310 865 lilii,
1346 792 1573 876 longio-

189 867 363 927 ribus
387 866 879 950 crassioribusque
894 913 913 942 ,
933 869 1128 931 radice
1156 870 1321 934 bulbi
1343 878 1534 956 magni
1555 920 1582 949 ,
1691 895 1696 908 ’

189 948 406 1008 colore
436 947 601 1009 rufo.
644 948 869 1010 Alvum
907 947 1084 1011 solvit
1108 950 1278 1014 succo
1296 997 1317 1027 ‚
1335 974 1469 1014 cum
1487 954 1572 1016 fa·

168 1027 334 1087 mina
372 1031 500 1089 ervi
539 1027 813 1109 sumpto:
844 1028 1040 1090 ulcera
1180 1049 1294 1112 gat.
1325 1032 1575 1113 Hydro-

192 1109 353 1188 picis
386 1106 769 1190 splenicisque
802 1111 939 1170 cum
978 1130 1077 1171 me
1100 1130 1157 1172 ‘e
1204 1112 1390 1174 datur.
1450 1113 1577 1175 Alii

195 1188 546 1271 decoquunt
595 1209 759 1259 eam,
803 1189 993 1250 donec
1032 1212 1181 1273 aqua
1214 1192 1396 1265 dulcis
1434 1192 1574 1257 fiat:

193 1270 273 1330 ea
358 1275 399 1329 e'
434 1267 618 1329 effusi
656 1270 914 1330 radicem
938 1286 1190 1334 terentes
1216 1273 1484 1356 digerunt
1509 1275 1572 1337 in

166 1290 462 1430 paduinus
502 1348 642 1411 Sole
679 1352 960 1414 siccatos:
994 1354 1061 1414 &
1101 1352 1299 1433 postea
1333 1371 1572 1416 utuntur

193 1432 276 1491 ad
312 1433 515 1511 capitis
540 1431 730 1491 ulcera
750 1476 770 1504 ‚
804 1432 870 1492 &
893 1449 1088 1493 cetera
1106 1454 1235 1515 quae
1264 1454 1573 1517 repurgan-

195 1510 280 1571 da
320 1510 469 1573 sunt.
510 1508 660 1571 Item
697 1512 770 1571 ad
810 1514 1052 1584 tussim,
1086 1516 1360 1598 quantum
1386 1516 1574 1577 tribus

196 1591 402 1673 digitis
457 1590 988 1672 apprehenderint,
1026 1594 1086 1654 in
1145 1596 1288 1658 vino
1331 1594 1573 1669 dantes,

196 1674 270 1733 δι.
312 1673 388 1732 ad
413 1670 603 1731 lateris
628 1671 903 1746 dolores,
960 1689 1059 1733 aut
1095 1677 1571 1755 peripneumoni-

194 1754 287 1813 cis
314 1753 426 1813 ecli
465 1769 639 1814 mate.
678 1750 943 1815 Dant&
973 1770 1214 1837 propter
1235 1753 1484 1817 ischiada
1507 1758 1572 1817 in
1669 1824 1674 1829 ⁴

94 1880 109 1887 ,
194 1836 348 1894 vino
366 1835 424 1894 b·
471 1834 685 1893 endum
701 1877 723 1907 ‚
749 1834 815 1897 ὃ(
835 1851 1079 1916 propter
1096 1838 1349 1897 tormina
1365 1880 1385 1910 ,
1404 1855 1571 1897 men·

166 1911 296 1975 -ses
326 1934 401 1974 ue
433 1914 692 1976 ciendos.

282 1936 513 2056 3}an
538 1994 768 2077 PepIis,
806 2013 985 2076 quam
1023 1993 1195 2077 aliqui
1233 1993 1448 2078 sycen,
1473 1996 1572 2059 alii

197 2077 524 2138 meconion
543 2122 565 2150 ,
605 2077 701 2136 alii
737 2095 986 2137 mecona
1015 2077 1275 2159 aphrode
1306 2095 1525 2139 vocant
1546 2124 1567 2151 ,

199 2176 280 2217 ex
315 2157 432 2216 una
473 2156 665 2217 radice
700 2158 862 2217 tenui
916 2155 1147 2219 fruticat
1165 2201 1188 2229 ,
1225 2157 1379 2220 foliis
1418 2176 1565 2221 rutae

172 2237 379 2316 paulo
406 2237 738 2310 latioribuS,
773 2237 995 2299 semine
1020 2237 1120 2300 sub
1156 2237 1312 2301 foliis
1356 2256 1579 2301 rotun··

196 2316 283 2375 do
302 2361 324 2392 ,
356 2319 585 2378 minore
620 2317 795 2400 quam
830 2319 1059 2379 candidi
1104 2321 1427 2401 papaveris.
1464 2318 1565 2380 In-

197 2412 293 2455 ter
323 2399 481 2459 vites
514 2397 639 2458 fere
689 2398 974 2481 colligitur
1017 2401 1301 2461 messibus
1333 2422 1347 2461 :
1383 2400 1562 2459 sicca·

197 2491 411 2556 turqne
448 2499 586 2538 cum
619 2477 802 2539 fruflu
839 2479 985 2552 suo,
1025 2478 1412 2561 subjeffls,in
1432 2498 1567 2558 qua

197 2557 449 2618 excidat.
476 2557 612 2618 Hoc
640 2576 786 2639 poto
825 2560 995 2621 alvus
1030 2559 1273 2622 solvitur
1292 2599 1313 2629 ,
1335 2557 1467 2617 bilis
1498 2578 1566 2617 ac

242 2638 409 2696 ituita
445 2637 779 2700 detrahitur.
821 2638 1028 2698 Media
1057 2642 1224 2717 potio
1257 2635 1340 2695 est
1378 2652 1564 2699 aceta-

194 2658 322 2777 ssuli
360 2716 663 2789 mensura,
684 2720 747 2777 in
776 2738 939 2801 aquae
977 2715 1173 2778 mulsa:
1205 2715 1447 2779 heminis
1465 2717 1566 2780 tri·

194 2796 333 2857 bus,
390 2796 470 2861 Et
516 2798 659 2857 cibis
707 2797 1044 2887 inspergitur
1081 2794 1439 2886 obsoniisque
1484 2797 1563 2863 ad

196 2875 592 2941 molliendam
623 2876 836 2943 alvum.
