<?xml version="1.0" encoding="UTF-8"?>
<!DOCTYPE html PUBLIC "-//W3C//DTD XHTML 1.0 Transitional//EN"
    "http://www.w3.org/TR/xhtml1/DTD/xhtml1-transitional.dtd">
<html xmlns="http://www.w3.org/1999/xhtml" xml:lang="en" lang="en">
 <head>
  <title>
</title>
<meta http-equiv="Content-Type" content="text/html;charset=utf-8" />
  <meta name='ocr-system' content='tesseract 3.04.00' />
  <meta name='ocr-capabilities' content='ocr_page ocr_carea ocr_par ocr_line ocrx_word'/>
</head>
<body>
  <div class='ocr_page' id='page_1' title='image "./caiipliniisecun04unkngoog_0134.png"; bbox 0 0 2000 3600; ppageno 0'>
   <div class='ocr_carea' id='block_1_1' title="bbox 439 217 1629 316">
    <p class='ocr_par' dir='ltr' id='par_1_1' title="bbox 439 217 1629 316">
     <span class='ocr_line' id='line_1_1' title="bbox 439 217 1629 316; baseline -0.006 -17"><span class='ocrx_word' id='word_1_1' title='bbox 439 235 589 316; x_wconf 76' lang='lat'>&#39;¹24</span> <span class='ocrx_word' id='word_1_2' title='bbox 685 222 758 294; x_wconf 86' lang='lat' dir='ltr'>C.</span> <span class='ocrx_word' id='word_1_3' title='bbox 798 222 1175 295; x_wconf 68' lang='lat' dir='ltr'>Pztntr</span> <span class='ocrx_word' id='word_1_4' title='bbox 1211 217 1355 289; x_wconf 69' lang='lat' dir='ltr'>NA</span> <span class='ocrx_word' id='word_1_5' title='bbox 1388 234 1437 289; x_wconf 79' lang='grc' dir='ltr'>τ</span> <span class='ocrx_word' id='word_1_6' title='bbox 1465 234 1523 288; x_wconf 77' lang='lat' dir='ltr'><em>v</em></span> <span class='ocrx_word' id='word_1_7' title='bbox 1551 236 1629 292; x_wconf 73' lang='lat' dir='ltr'>n.</span> 
     </span>
    </p>
   </div>
   <div class='ocr_carea' id='block_1_2' title="bbox 444 336 1910 979">
    <p class='ocr_par' dir='ltr' id='par_1_2' title="bbox 444 336 1910 748">
     <span class='ocr_line' id='line_1_2' title="bbox 445 336 1844 420; baseline -0.004 -14"><span class='ocrx_word' id='word_1_8' title='bbox 445 363 507 406; x_wconf 85' lang='lat' dir='ltr'>ta</span> <span class='ocrx_word' id='word_1_9' title='bbox 523 340 798 406; x_wconf 87' lang='lat' dir='ltr'>obstantia</span> <span class='ocrx_word' id='word_1_10' title='bbox 822 338 986 398; x_wconf 82' lang='lat' dir='ltr'>reddi</span> <span class='ocrx_word' id='word_1_11' title='bbox 1009 336 1205 399; x_wconf 83' lang='lat' dir='ltr'>suadet</span> <span class='ocrx_word' id='word_1_12' title='bbox 1219 380 1239 411; x_wconf 92' lang='lat'>‚</span> <span class='ocrx_word' id='word_1_13' title='bbox 1259 357 1334 397; x_wconf 91' lang='lat' dir='ltr'>ne</span> <span class='ocrx_word' id='word_1_14' title='bbox 1356 336 1534 398; x_wconf 89' lang='lat' dir='ltr'>deum</span> <span class='ocrx_word' id='word_1_15' title='bbox 1552 338 1844 420; x_wconf 64' lang='lat' dir='ltr'>aliquem</span> 
     </span>
     <span class='ocr_line' id='line_1_3' title="bbox 447 414 1910 494; baseline -0.003 -9"><span class='ocrx_word' id='word_1_16' title='bbox 447 423 685 487; x_wconf 83' lang='lat' dir='ltr'>nudatio</span> <span class='ocrx_word' id='word_1_17' title='bbox 726 416 1003 481; x_wconf 84' lang='lat' dir='ltr'>offendat.</span> <span class='ocrx_word' id='word_1_18' title='bbox 1064 414 1354 480; x_wconf 78' lang='lat' dir='ltr'>Osthanes</span> <span class='ocrx_word' id='word_1_19' title='bbox 1413 436 1615 478; x_wconf 84' lang='lat' dir='ltr'>contra</span> <span class='ocrx_word' id='word_1_20' title='bbox 1658 420 1838 483; x_wconf 73' lang='lat' dir='ltr'>mala</span> <span class='ocrx_word' id='word_1_21' title='bbox 1905 487 1910 494; x_wconf 54' lang='grc'>,</span> 
     </span>
     <span class='ocr_line' id='line_1_4' title="bbox 448 497 1910 581; baseline -0.005 -14"><span class='ocrx_word' id='word_1_22' title='bbox 448 503 873 567; x_wconf 80' lang='lat' dir='ltr'>medicamenta</span> <span class='ocrx_word' id='word_1_23' title='bbox 927 500 1130 561; x_wconf 85' lang='lat' dir='ltr'>omnia</span> <span class='ocrx_word' id='word_1_24' title='bbox 1188 500 1456 581; x_wconf 85' lang='lat' dir='ltr'>promisit</span> <span class='ocrx_word' id='word_1_25' title='bbox 1512 497 1786 560; x_wconf 85' lang='lat' dir='ltr'>auxiliari</span> <span class='ocrx_word' id='word_1_26' title='bbox 1809 543 1842 574; x_wconf 85' lang='lat'>‚</span> <span class='ocrx_word' id='word_1_27' title='bbox 1901 567 1910 574; x_wconf 48' lang='lat'>‚</span> 
     </span>
     <span class='ocr_line' id='line_1_5' title="bbox 446 575 1836 662; baseline 0 -17"><span class='ocrx_word' id='word_1_28' title='bbox 446 582 741 646; x_wconf 86' lang='lat' dir='ltr'>matutinis</span> <span class='ocrx_word' id='word_1_29' title='bbox 782 581 944 643; x_wconf 85' lang='lat' dir='ltr'>horis</span> <span class='ocrx_word' id='word_1_30' title='bbox 979 578 1140 642; x_wconf 83' lang='lat' dir='ltr'>suam</span> <span class='ocrx_word' id='word_1_31' title='bbox 1176 581 1385 662; x_wconf 86' lang='lat' dir='ltr'>cuique</span> <span class='ocrx_word' id='word_1_32' title='bbox 1406 575 1740 642; x_wconf 84' lang='lat' dir='ltr'>instillatam</span> <span class='ocrx_word' id='word_1_33' title='bbox 1762 582 1836 645; x_wconf 78' lang='lat' dir='ltr'>in</span> 
     </span>
     <span class='ocr_line' id='line_1_6' title="bbox 444 657 1908 748; baseline -0.002 -23"><span class='ocrx_word' id='word_1_34' title='bbox 444 664 682 748; x_wconf 88' lang='lat' dir='ltr'>pedem.</span> <span class='ocrx_word' id='word_1_35' title='bbox 1859 657 1864 666; x_wconf 81' lang='grc'><strong><em>’</em></strong></span> <span class='ocrx_word' id='word_1_36' title='bbox 1902 725 1908 732; x_wconf 62' lang='lat'><em>,</em></span> 
     </span>
    </p>

    <p class='ocr_par' dir='ltr' id='par_1_3' title="bbox 448 740 1908 979">
     <span class='ocr_line' id='line_1_7' title="bbox 488 740 1908 824; baseline -0.001 -18"><span class='ocrx_word' id='word_1_37' title='bbox 488 743 497 748; x_wconf 73' lang='grc'><em>”</em></span> <span class='ocrx_word' id='word_1_38' title='bbox 530 743 668 807; x_wconf 88' lang='lat' dir='ltr'>XX.</span> <span class='ocrx_word' id='word_1_39' title='bbox 699 763 761 824; x_wconf 88' lang='lat'>7.</span> <span class='ocrx_word' id='word_1_40' title='bbox 796 740 954 823; x_wconf 70' lang='lat' dir='ltr'>Quae</span> <span class='ocrx_word' id='word_1_41' title='bbox 994 762 1071 802; x_wconf 85' lang='lat' dir='ltr'>ex</span> <span class='ocrx_word' id='word_1_42' title='bbox 1105 740 1413 801; x_wconf 85' lang='lat' dir='ltr'>mulierum</span> <span class='ocrx_word' id='word_1_43' title='bbox 1463 740 1834 823; x_wconf 72' lang='lat' dir='ltr'>corporibus</span> <span class='ocrx_word' id='word_1_44' title='bbox 1903 795 1908 804; x_wconf 94' lang='lat'>.</span> 
     </span>
     <span class='ocr_line' id='line_1_8' title="bbox 448 821 1835 903; baseline -0.003 -16"><span class='ocrx_word' id='word_1_45' title='bbox 448 826 785 897; x_wconf 83' lang='lat' dir='ltr'>traduntur,</span> <span class='ocrx_word' id='word_1_46' title='bbox 821 823 895 884; x_wconf 91' lang='lat' dir='ltr'>ad</span> <span class='ocrx_word' id='word_1_47' title='bbox 941 838 1345 903; x_wconf 87' lang='lat' dir='ltr'>portentorum</span> <span class='ocrx_word' id='word_1_48' title='bbox 1387 821 1663 881; x_wconf 87' lang='lat' dir='ltr'>miracula</span> <span class='ocrx_word' id='word_1_49' title='bbox 1721 844 1835 883; x_wconf 86' lang='lat' dir='ltr'>ac·-</span> 
     </span>
     <span class='ocr_line' id='line_1_9' title="bbox 449 900 1907 979; baseline -0.003 -11"><span class='ocrx_word' id='word_1_50' title='bbox 449 906 669 968; x_wconf 77' lang='lat' dir='ltr'>cedunt</span> <span class='ocrx_word' id='word_1_51' title='bbox 687 949 707 979; x_wconf 94' lang='lat'><strong>,</strong></span> <span class='ocrx_word' id='word_1_52' title='bbox 740 919 806 967; x_wconf 80' lang='lat' dir='ltr'>ut</span> <span class='ocrx_word' id='word_1_53' title='bbox 839 903 1103 963; x_wconf 83' lang='lat' dir='ltr'>sileamus</span> <span class='ocrx_word' id='word_1_54' title='bbox 1128 900 1344 962; x_wconf 86' lang='lat' dir='ltr'>divisos</span> <span class='ocrx_word' id='word_1_55' title='bbox 1364 901 1741 963; x_wconf 84' lang='lat' dir='ltr'>membratim</span> <span class='ocrx_word' id='word_1_56' title='bbox 1763 905 1832 965; x_wconf 77' lang='lat' dir='ltr'>in</span> <span class='ocrx_word' id='word_1_57' title='bbox 1855 960 1861 966; x_wconf 88' lang='lat'><em>.</em></span> <span class='ocrx_word' id='word_1_58' title='bbox 1899 953 1907 964; x_wconf 91' lang='lat'><strong>.</strong></span> 
     </span>
    </p>
   </div>
   <div class='ocr_carea' id='block_1_3' title="bbox 449 981 1956 1065">
    <p class='ocr_par' dir='ltr' id='par_1_4' title="bbox 449 981 1956 1065">
     <span class='ocr_line' id='line_1_10' title="bbox 449 981 1956 1065; baseline -0.006 -15"><span class='ocrx_word' id='word_1_59' title='bbox 449 985 669 1050; x_wconf 85' lang='lat' dir='ltr'>scelera</span> <span class='ocrx_word' id='word_1_60' title='bbox 706 986 973 1059; x_wconf 85' lang='lat' dir='ltr'>abortus,</span> <span class='ocrx_word' id='word_1_61' title='bbox 1006 984 1296 1043; x_wconf 88' lang='lat' dir='ltr'>mensium</span> <span class='ocrx_word' id='word_1_62' title='bbox 1345 981 1605 1064; x_wconf 85' lang='lat' dir='ltr'>piacula,</span> <span class='ocrx_word' id='word_1_63' title='bbox 1653 1004 1860 1065; x_wconf 80' lang='lat' dir='ltr'>quae·.</span> <span class='ocrx_word' id='word_1_64' title='bbox 1951 1025 1956 1030; x_wconf 80' lang='lat'>-</span> 
     </span>
    </p>
   </div>
   <div class='ocr_carea' id='block_1_4' title="bbox 449 1063 1900 1631">
    <p class='ocr_par' dir='ltr' id='par_1_5' title="bbox 449 1063 1900 1631">
     <span class='ocr_line' id='line_1_11' title="bbox 453 1063 1832 1151; baseline -0.004 -22"><span class='ocrx_word' id='word_1_65' title='bbox 453 1090 572 1151; x_wconf 89' lang='lat' dir='ltr'>que</span> <span class='ocrx_word' id='word_1_66' title='bbox 624 1067 733 1128; x_wconf 90' lang='lat' dir='ltr'>alia</span> <span class='ocrx_word' id='word_1_67' title='bbox 783 1086 906 1126; x_wconf 82' lang='lat' dir='ltr'>non</span> <span class='ocrx_word' id='word_1_68' title='bbox 956 1063 1289 1126; x_wconf 88' lang='lat' dir='ltr'>obstetrices</span> <span class='ocrx_word' id='word_1_69' title='bbox 1343 1063 1528 1123; x_wconf 78' lang='lat' dir='ltr'>modb</span> <span class='ocrx_word' id='word_1_70' title='bbox 1551 1108 1568 1132; x_wconf 90' lang='lat'>,</span> <span class='ocrx_word' id='word_1_71' title='bbox 1606 1066 1832 1124; x_wconf 68' lang='lat' dir='ltr'>verum</span> 
     </span>
     <span class='ocr_line' id='line_1_12' title="bbox 451 1140 1900 1229; baseline -0.003 -18"><span class='ocrx_word' id='word_1_72' title='bbox 451 1152 632 1211; x_wconf 84' lang='lat' dir='ltr'>etiam</span> <span class='ocrx_word' id='word_1_73' title='bbox 671 1144 807 1229; x_wconf 84' lang='lat' dir='ltr'>ipsae</span> <span class='ocrx_word' id='word_1_74' title='bbox 848 1146 1180 1205; x_wconf 87' lang='lat' dir='ltr'>meretrices</span> <span class='ocrx_word' id='word_1_75' title='bbox 1224 1142 1558 1226; x_wconf 82' lang='lat' dir='ltr'>prodidere.</span> <span class='ocrx_word' id='word_1_76' title='bbox 1599 1140 1691 1203; x_wconf 86' lang='lat' dir='ltr'>Ca</span> <span class='ocrx_word' id='word_1_77' title='bbox 1739 1144 1830 1206; x_wconf 86' lang='lat' dir='ltr'>illi</span> <span class='ocrx_word' id='word_1_78' title='bbox 1895 1199 1900 1206; x_wconf 88' lang='lat'>.</span> 
     </span>
     <span class='ocr_line' id='line_1_13' title="bbox 450 1165 1830 1305; baseline -0.002 -15"><span class='ocrx_word' id='word_1_79' title='bbox 450 1229 504 1291; x_wconf 81' lang='lat' dir='ltr'>si</span> <span class='ocrx_word' id='word_1_80' title='bbox 539 1241 865 1290; x_wconf 86' lang='lat' dir='ltr'>crementur</span> <span class='ocrx_word' id='word_1_81' title='bbox 899 1225 1124 1297; x_wconf 87' lang='lat' dir='ltr'>odore,</span> <span class='ocrx_word' id='word_1_82' title='bbox 1148 1223 1440 1305; x_wconf 85' lang='lat' dir='ltr'>serpentes</span> <span class='ocrx_word' id='word_1_83' title='bbox 1470 1222 1529 1283; x_wconf 88' lang='lat' dir='ltr'>fu</span> <span class='ocrx_word' id='word_1_84' title='bbox 1574 1224 1674 1284; x_wconf 89' lang='lat' dir='ltr'>ari.</span> <span class='ocrx_word' id='word_1_85' title='bbox 1693 1165 1830 1287; x_wconf 53' lang='lat' dir='ltr'>{Zo-</span> 
     </span>
     <span class='ocr_line' id='line_1_14' title="bbox 450 1303 1827 1386; baseline -0.003 -15"><span class='ocrx_word' id='word_1_86' title='bbox 450 1307 593 1372; x_wconf 81' lang='lat' dir='ltr'>dem</span> <span class='ocrx_word' id='word_1_87' title='bbox 627 1307 814 1368; x_wconf 90' lang='lat' dir='ltr'>odore</span> <span class='ocrx_word' id='word_1_88' title='bbox 854 1306 1048 1366; x_wconf 77' lang='lat' dir='ltr'>vulvae</span> <span class='ocrx_word' id='word_1_89' title='bbox 1070 1304 1282 1386; x_wconf 81' lang='lat' dir='ltr'>morbo</span> <span class='ocrx_word' id='word_1_90' title='bbox 1315 1303 1538 1386; x_wconf 87' lang='lat' dir='ltr'>strangu</span> <span class='ocrx_word' id='word_1_91' title='bbox 1563 1324 1683 1364; x_wconf 85' lang='lat' dir='ltr'>atas</span> <span class='ocrx_word' id='word_1_92' title='bbox 1719 1326 1827 1367; x_wconf 87' lang='lat' dir='ltr'>re-</span> 
     </span>
     <span class='ocr_line' id='line_1_15' title="bbox 449 1383 1898 1474; baseline -0.006 -21"><span class='ocrx_word' id='word_1_93' title='bbox 449 1388 677 1474; x_wconf 84' lang='lat' dir='ltr'>spirare.</span> <span class='ocrx_word' id='word_1_94' title='bbox 708 1384 928 1449; x_wconf 86' lang='lat' dir='ltr'>Cinere</span> <span class='ocrx_word' id='word_1_95' title='bbox 962 1407 1039 1449; x_wconf 91' lang='lat' dir='ltr'>eo</span> <span class='ocrx_word' id='word_1_96' title='bbox 1079 1385 1354 1467; x_wconf 85' lang='lat' dir='ltr'>quidem,</span> <span class='ocrx_word' id='word_1_97' title='bbox 1381 1387 1428 1445; x_wconf 91' lang='lat' dir='ltr'>si</span> <span class='ocrx_word' id='word_1_98' title='bbox 1449 1387 1507 1445; x_wconf 88' lang='lat' dir='ltr'>in</span> <span class='ocrx_word' id='word_1_99' title='bbox 1532 1383 1675 1446; x_wconf 58' lang='lat' dir='ltr'>test&amp;</span> <span class='ocrx_word' id='word_1_100' title='bbox 1700 1387 1828 1450; x_wconf 83' lang='lat' dir='ltr'>sint</span> <span class='ocrx_word' id='word_1_101' title='bbox 1891 1439 1898 1444; x_wconf 86' lang='lat'><strong>.</strong></span> 
     </span>
     <span class='ocr_line' id='line_1_16' title="bbox 450 1464 1829 1548; baseline -0.003 -17"><span class='ocrx_word' id='word_1_102' title='bbox 450 1470 728 1542; x_wconf 83' lang='lat' dir='ltr'>cremati,</span> <span class='ocrx_word' id='word_1_103' title='bbox 761 1468 864 1529; x_wconf 82' lang='lat' dir='ltr'>vel</span> <span class='ocrx_word' id='word_1_104' title='bbox 903 1488 1038 1528; x_wconf 90' lang='lat' dir='ltr'>cum</span> <span class='ocrx_word' id='word_1_105' title='bbox 1065 1465 1262 1548; x_wconf 61' lang='lat' dir='ltr'>spuma</span> <span class='ocrx_word' id='word_1_106' title='bbox 1306 1466 1566 1548; x_wconf 84' lang='lat' dir='ltr'>argenti,</span> <span class='ocrx_word' id='word_1_107' title='bbox 1603 1464 1829 1527; x_wconf 87' lang='lat' dir='ltr'>scabri-</span> 
     </span>
     <span class='ocr_line' id='line_1_17' title="bbox 449 1546 1826 1631; baseline -0.002 -18"><span class='ocrx_word' id='word_1_108' title='bbox 449 1553 558 1614; x_wconf 78' lang='lat' dir='ltr'>tias</span> <span class='ocrx_word' id='word_1_109' title='bbox 576 1549 878 1611; x_wconf 88' lang='lat' dir='ltr'>oculorum</span> <span class='ocrx_word' id='word_1_110' title='bbox 895 1570 960 1609; x_wconf 89' lang='lat' dir='ltr'>ac</span> <span class='ocrx_word' id='word_1_111' title='bbox 1023 1549 1298 1631; x_wconf 87' lang='lat' dir='ltr'>rurigines</span> <span class='ocrx_word' id='word_1_112' title='bbox 1321 1546 1640 1613; x_wconf 85' lang='lat' dir='ltr'>emendari:</span> <span class='ocrx_word' id='word_1_113' title='bbox 1669 1547 1826 1610; x_wconf 86' lang='lat' dir='ltr'>item</span> 
     </span>
    </p>
   </div>
   <div class='ocr_carea' id='block_1_5' title="bbox 451 1623 1984 1703">
    <p class='ocr_par' dir='ltr' id='par_1_6' title="bbox 451 1623 1984 1703">
     <span class='ocr_line' id='line_1_18' title="bbox 451 1623 1984 1703; baseline -0.004 -9"><span class='ocrx_word' id='word_1_114' title='bbox 451 1651 755 1703; x_wconf 79' lang='lat' dir='ltr'>verrucas,</span> <span class='ocrx_word' id='word_1_115' title='bbox 791 1632 859 1692; x_wconf 86' lang='lat'>&amp;</span> <span class='ocrx_word' id='word_1_116' title='bbox 895 1632 951 1689; x_wconf 89' lang='lat' dir='ltr'>in</span> <span class='ocrx_word' id='word_1_117' title='bbox 1054 1631 1198 1689; x_wconf 87' lang='lat' dir='ltr'>tium</span> <span class='ocrx_word' id='word_1_118' title='bbox 1236 1629 1425 1689; x_wconf 84' lang='lat' dir='ltr'>ulcera</span> <span class='ocrx_word' id='word_1_119' title='bbox 1452 1647 1585 1686; x_wconf 90' lang='lat' dir='ltr'>cum</span> <span class='ocrx_word' id='word_1_120' title='bbox 1617 1628 1825 1690; x_wconf 88' lang='lat' dir='ltr'>melle.</span> <span class='ocrx_word' id='word_1_121' title='bbox 1891 1679 1899 1688; x_wconf 93' lang='lat'><em>.</em></span> <span class='ocrx_word' id='word_1_122' title='bbox 1983 1623 1984 1642; x_wconf 61' lang='lat'>¹</span> 
     </span>
    </p>
   </div>
   <div class='ocr_carea' id='block_1_6' title="bbox 365 1708 1895 2358">
    <p class='ocr_par' dir='ltr' id='par_1_7' title="bbox 365 1708 1895 2358">
     <span class='ocr_line' id='line_1_19' title="bbox 454 1708 1826 1797; baseline -0.004 -21"><span class='ocrx_word' id='word_1_123' title='bbox 454 1710 681 1797; x_wconf 84' lang='lat' dir='ltr'>Capitis</span> <span class='ocrx_word' id='word_1_124' title='bbox 716 1731 947 1794; x_wconf 91' lang='lat' dir='ltr'>quoque</span> <span class='ocrx_word' id='word_1_125' title='bbox 980 1708 1254 1784; x_wconf 79' lang='lat' dir='ltr'>vulnera&#39;‚</span> <span class='ocrx_word' id='word_1_126' title='bbox 1277 1710 1342 1771; x_wconf 89' lang='lat'>&amp;</span> <span class='ocrx_word' id='word_1_127' title='bbox 1368 1709 1630 1770; x_wconf 83' lang='lat' dir='ltr'>omnium</span> <span class='ocrx_word' id='word_1_128' title='bbox 1655 1709 1826 1771; x_wconf 85' lang='lat' dir='ltr'>ulce-</span> 
     </span>
     <span class='ocr_line' id='line_1_20' title="bbox 455 1787 1894 1869; baseline -0.006 -10"><span class='ocrx_word' id='word_1_129' title='bbox 455 1816 589 1859; x_wconf 82' lang='lat' dir='ltr'>rum</span> <span class='ocrx_word' id='word_1_130' title='bbox 635 1794 789 1856; x_wconf 88' lang='lat' dir='ltr'>sinus</span> <span class='ocrx_word' id='word_1_131' title='bbox 808 1839 828 1869; x_wconf 90' lang='lat'><strong>‚</strong></span> <span class='ocrx_word' id='word_1_132' title='bbox 851 1790 1053 1854; x_wconf 87' lang='lat' dir='ltr'>addito</span> <span class='ocrx_word' id='word_1_133' title='bbox 1086 1788 1259 1852; x_wconf 88' lang='lat' dir='ltr'>melle</span> <span class='ocrx_word' id='word_1_134' title='bbox 1284 1788 1563 1852; x_wconf 86' lang='lat' dir='ltr'>ac&#39;thure.</span> <span class='ocrx_word' id='word_1_135' title='bbox 1582 1787 1779 1851; x_wconf 87' lang='lat' dir='ltr'>Panos</span> <span class='ocrx_word' id='word_1_136' title='bbox 1794 1835 1822 1864; x_wconf 89' lang='lat'><em>,</em></span> <span class='ocrx_word' id='word_1_137' title='bbox 1887 1858 1894 1865; x_wconf 48' lang='lat'><strong><em>‚</em></strong></span> 
     </span>
     <span class='ocr_line' id='line_1_21' title="bbox 502 1869 1895 1959; baseline -0.006 -20"><span class='ocrx_word' id='word_1_138' title='bbox 502 1877 743 1959; x_wconf 88' lang='lat' dir='ltr'>odagras</span> <span class='ocrx_word' id='word_1_139' title='bbox 755 1920 779 1948; x_wconf 87' lang='lat'>,</span> <span class='ocrx_word' id='word_1_140' title='bbox 798 1896 929 1938; x_wconf 90' lang='lat' dir='ltr'>cum</span> <span class='ocrx_word' id='word_1_141' title='bbox 940 1874 1109 1954; x_wconf 88' lang='lat' dir='ltr'>adipe</span> <span class='ocrx_word' id='word_1_142' title='bbox 1126 1870 1285 1932; x_wconf 87' lang='lat' dir='ltr'>suillo</span> <span class='ocrx_word' id='word_1_143' title='bbox 1299 1916 1323 1944; x_wconf 91' lang='lat'>‚</span> <span class='ocrx_word' id='word_1_144' title='bbox 1343 1869 1556 1942; x_wconf 87' lang='lat' dir='ltr'>sacrum</span> <span class='ocrx_word' id='word_1_145' title='bbox 1577 1872 1780 1953; x_wconf 84' lang='lat' dir='ltr'>ignem</span> <span class='ocrx_word' id='word_1_146' title='bbox 1800 1915 1824 1947; x_wconf 90' lang='lat'>,</span> <span class='ocrx_word' id='word_1_147' title='bbox 1889 1932 1895 1939; x_wconf 78' lang='grc'><strong>,</strong></span> 
     </span>
     <span class='ocr_line' id='line_1_22' title="bbox 482 1951 1826 2040; baseline 0 -23"><span class='ocrx_word' id='word_1_148' title='bbox 482 1962 900 2040; x_wconf 84' lang='lat' dir='ltr'>anguinemque</span> <span class='ocrx_word' id='word_1_149' title='bbox 930 1953 1050 2027; x_wconf 78' lang='lat' dir='ltr'>sisti</span> <span class='ocrx_word' id='word_1_150' title='bbox 1079 1953 1255 2028; x_wconf 85' lang='lat' dir='ltr'>illito,</span> <span class='ocrx_word' id='word_1_151' title='bbox 1288 1954 1354 2015; x_wconf 84' lang='lat'>&amp;</span> <span class='ocrx_word' id='word_1_152' title='bbox 1380 1951 1826 2017; x_wconf 73' lang='lat' dir='ltr'>formicationes</span> 
     </span>
     <span class='ocr_line' id='line_1_23' title="bbox 451 2055 790 2098; baseline -0.009 0"><span class='ocrx_word' id='word_1_153' title='bbox 451 2055 559 2098; x_wconf 84' lang='lat' dir='ltr'>cor</span> <span class='ocrx_word' id='word_1_154' title='bbox 600 2055 790 2095; x_wconf 87' lang='lat' dir='ltr'>orum.</span> 
     </span>
     <span class='ocr_line' id='line_1_24' title="bbox 600 2111 1824 2186; baseline 0.002 -12"><span class='ocrx_word' id='word_1_155' title='bbox 600 2113 704 2174; x_wconf 90' lang='lat' dir='ltr'>XI.</span> <span class='ocrx_word' id='word_1_156' title='bbox 738 2112 1029 2175; x_wconf 73' lang='lat' dir='ltr'>De&#39;laffls</span> <span class='ocrx_word' id='word_1_157' title='bbox 1060 2111 1161 2174; x_wconf 86' lang='lat' dir='ltr'>usu</span> <span class='ocrx_word' id='word_1_158' title='bbox 1191 2117 1471 2177; x_wconf 86' lang='lat' dir='ltr'>convenit</span> <span class='ocrx_word' id='word_1_159' title='bbox 1492 2158 1516 2186; x_wconf 91' lang='lat'>‚</span> <span class='ocrx_word' id='word_1_160' title='bbox 1555 2113 1824 2176; x_wconf 88' lang='lat' dir='ltr'>dulcissi-</span> 
     </span>
     <span class='ocr_line' id='line_1_25' title="bbox 452 2193 1852 2277; baseline 0.001 -21"><span class='ocrx_word' id='word_1_161' title='bbox 452 2198 616 2259; x_wconf 72' lang='lat' dir='ltr'>mum</span> <span class='ocrx_word' id='word_1_162' title='bbox 653 2193 765 2255; x_wconf 81' lang='lat' dir='ltr'>esse</span> <span class='ocrx_word' id='word_1_163' title='bbox 796 2195 1343 2277; x_wconf 80' lang='lat' dir='ltr'>mollissimumque,</span> <span class='ocrx_word' id='word_1_164' title='bbox 1373 2197 1438 2260; x_wconf 73' lang='grc' dir='ltr'>ὃ(</span> <span class='ocrx_word' id='word_1_165' title='bbox 1458 2197 1518 2255; x_wconf 89' lang='lat' dir='ltr'>in</span> <span class='ocrx_word' id='word_1_166' title='bbox 1536 2195 1635 2256; x_wconf 84' lang='lat' dir='ltr'>lon</span> <span class='ocrx_word' id='word_1_167' title='bbox 1681 2196 1712 2254; x_wconf 65' lang='lat' dir='ltr'>a</span> <span class='ocrx_word' id='word_1_168' title='bbox 1732 2195 1822 2257; x_wconf 88' lang='lat' dir='ltr'>fe·</span> <span class='ocrx_word' id='word_1_169' title='bbox 1847 2262 1852 2273; x_wconf 41' lang='lat'>¹</span> 
     </span>
     <span class='ocr_line' id='line_1_26' title="bbox 365 2216 1820 2358; baseline -0.002 -18"><span class='ocrx_word' id='word_1_170' title='bbox 365 2288 372 2295; x_wconf 79' lang='grc'><strong>’</strong></span> <span class='ocrx_word' id='word_1_171' title='bbox 454 2277 560 2340; x_wconf 83' lang='lat' dir='ltr'>bre</span> <span class='ocrx_word' id='word_1_172' title='bbox 577 2322 597 2347; x_wconf 89' lang='lat'>,</span> <span class='ocrx_word' id='word_1_173' title='bbox 615 2273 975 2358; x_wconf 73' lang='lat' dir='ltr'>coeliacisque</span> <span class='ocrx_word' id='word_1_174' title='bbox 989 2276 1354 2357; x_wconf 85' lang='lat' dir='ltr'>utilissimum</span> <span class='ocrx_word' id='word_1_175' title='bbox 1371 2322 1390 2352; x_wconf 88' lang='lat'><strong>,</strong></span> <span class='ocrx_word' id='word_1_176' title='bbox 1412 2216 1678 2338; x_wconf 56' lang='lat' dir='ltr'>maxim}</span> <span class='ocrx_word' id='word_1_177' title='bbox 1692 2274 1820 2356; x_wconf 84' lang='lat' dir='ltr'>ejus</span> 
     </span>
    </p>
   </div>
   <div class='ocr_carea' id='block_1_7' title="bbox 454 2356 1894 2848">
    <p class='ocr_par' dir='ltr' id='par_1_8' title="bbox 454 2356 1894 2848">
     <span class='ocr_line' id='line_1_27' title="bbox 455 2356 1822 2443; baseline -0.001 -24"><span class='ocrx_word' id='word_1_178' title='bbox 455 2376 588 2443; x_wconf 83' lang='lat' dir='ltr'>quae</span> <span class='ocrx_word' id='word_1_179' title='bbox 631 2356 749 2440; x_wconf 79' lang='lat' dir='ltr'>jam</span> <span class='ocrx_word' id='word_1_180' title='bbox 784 2357 1062 2418; x_wconf 88' lang='lat' dir='ltr'>infantem</span> <span class='ocrx_word' id='word_1_181' title='bbox 1096 2362 1433 2420; x_wconf 87' lang='lat' dir='ltr'>removerit.</span> <span class='ocrx_word' id='word_1_182' title='bbox 1472 2356 1623 2418; x_wconf 81' lang='lat' dir='ltr'>Etin</span> <span class='ocrx_word' id='word_1_183' title='bbox 1646 2358 1822 2417; x_wconf 88' lang='lat' dir='ltr'>mala-</span> 
     </span>
     <span class='ocr_line' id='line_1_28' title="bbox 454 2436 1894 2521; baseline -0.005 -19"><span class='ocrx_word' id='word_1_184' title='bbox 454 2442 548 2502; x_wconf 59' lang='lat' dir='ltr'>cia</span> <span class='ocrx_word' id='word_1_185' title='bbox 579 2436 887 2515; x_wconf 83' lang='lat' dir='ltr'>stomachi,</span> <span class='ocrx_word' id='word_1_186' title='bbox 921 2441 983 2499; x_wconf 89' lang='lat' dir='ltr'>in</span> <span class='ocrx_word' id='word_1_187' title='bbox 1030 2437 1324 2511; x_wconf 86' lang='lat' dir='ltr'>febribus,</span> <span class='ocrx_word' id='word_1_188' title='bbox 1373 2437 1818 2521; x_wconf 80' lang='lat' dir='ltr'>rosionibusque</span> <span class='ocrx_word' id='word_1_189' title='bbox 1887 2490 1894 2495; x_wconf 80' lang='grc'><strong><em>,</em></strong></span> 
     </span>
     <span class='ocr_line' id='line_1_29' title="bbox 455 2518 1820 2602; baseline -0.004 -18"><span class='ocrx_word' id='word_1_190' title='bbox 455 2518 914 2585; x_wconf 79' lang='lat' dir='ltr'>efficacissimum</span> <span class='ocrx_word' id='word_1_191' title='bbox 936 2525 1321 2602; x_wconf 83' lang='lat' dir='ltr'>experiuntur.</span> <span class='ocrx_word' id='word_1_192' title='bbox 1360 2519 1506 2581; x_wconf 91' lang='lat' dir='ltr'>Item</span> <span class='ocrx_word' id='word_1_193' title='bbox 1531 2540 1820 2580; x_wconf 80' lang='lat' dir='ltr'>mamma·</span> 
     </span>
     <span class='ocr_line' id='line_1_30' title="bbox 456 2601 1853 2677; baseline -0.001 -11"><span class='ocrx_word' id='word_1_194' title='bbox 456 2624 590 2666; x_wconf 78' lang='lat' dir='ltr'>rum</span> <span class='ocrx_word' id='word_1_195' title='bbox 624 2601 1059 2665; x_wconf 58' lang='lat' dir='ltr'>collectionibus</span> <span class='ocrx_word' id='word_1_196' title='bbox 1098 2625 1234 2664; x_wconf 88' lang='lat' dir='ltr'>cum</span> <span class='ocrx_word' id='word_1_197' title='bbox 1272 2602 1469 2677; x_wconf 81' lang='lat' dir='ltr'>thure,</span> <span class='ocrx_word' id='word_1_198' title='bbox 1512 2601 1690 2662; x_wconf 86' lang='lat' dir='ltr'>oculo</span> <span class='ocrx_word' id='word_1_199' title='bbox 1741 2601 1818 2662; x_wconf 85' lang='lat' dir='ltr'>ab</span> <span class='ocrx_word' id='word_1_200' title='bbox 1849 2660 1853 2665; x_wconf 85' lang='grc'><em>,</em></span> 
     </span>
     <span class='ocr_line' id='line_1_31' title="bbox 455 2682 1821 2763; baseline 0 -23"><span class='ocrx_word' id='word_1_201' title='bbox 455 2682 574 2740; x_wconf 66' lang='lat' dir='ltr'>istu</span> <span class='ocrx_word' id='word_1_202' title='bbox 598 2704 809 2746; x_wconf 83' lang='lat' dir='ltr'>cruore</span> <span class='ocrx_word' id='word_1_203' title='bbox 841 2682 1047 2745; x_wconf 86' lang='lat' dir='ltr'>suffuso</span> <span class='ocrx_word' id='word_1_204' title='bbox 1066 2727 1086 2757; x_wconf 89' lang='lat'><strong>‚</strong></span> <span class='ocrx_word' id='word_1_205' title='bbox 1126 2685 1272 2745; x_wconf 88' lang='lat' dir='ltr'>&amp;in</span> <span class='ocrx_word' id='word_1_206' title='bbox 1305 2683 1507 2744; x_wconf 87' lang='lat' dir='ltr'>dolore</span> <span class='ocrx_word' id='word_1_207' title='bbox 1528 2724 1547 2754; x_wconf 89' lang='lat'>,</span> <span class='ocrx_word' id='word_1_208' title='bbox 1572 2698 1671 2742; x_wconf 85' lang='lat' dir='ltr'>aut</span> <span class='ocrx_word' id='word_1_209' title='bbox 1693 2684 1821 2763; x_wconf 82' lang='lat' dir='ltr'>epi·</span> 
     </span>
     <span class='ocr_line' id='line_1_32' title="bbox 454 2759 1816 2848; baseline 0.002 -28"><span class='ocrx_word' id='word_1_210' title='bbox 454 2759 687 2844; x_wconf 60' lang='lat' dir='ltr'>laboris,</span> <span class='ocrx_word' id='word_1_211' title='bbox 722 2765 774 2827; x_wconf 82' lang='lat' dir='ltr'>si</span> <span class='ocrx_word' id='word_1_212' title='bbox 803 2765 1208 2846; x_wconf 81' lang='lat' dir='ltr'>immulgeatur</span> <span class='ocrx_word' id='word_1_213' title='bbox 1225 2809 1248 2842; x_wconf 91' lang='lat'>‚</span> <span class='ocrx_word' id='word_1_214' title='bbox 1290 2763 1605 2848; x_wconf 63' lang='lat' dir='ltr'>plurimum</span> <span class='ocrx_word' id='word_1_215' title='bbox 1668 2772 1816 2846; x_wconf 73' lang='lat' dir='ltr'>pro-g</span> 
     </span>
    </p>
   </div>
   <div class='ocr_carea' id='block_1_8' title="bbox 374 2941 1985 3600">
    <p class='ocr_par' dir='ltr' id='par_1_9' title="bbox 374 2941 1985 3600">
     <span class='ocr_line' id='line_1_33' title="bbox 374 2941 1985 3600; baseline 0 0"><span class='ocrx_word' id='word_1_216' title='bbox 374 2941 1985 3600; x_wconf 95' lang='lat' dir='ltr'> </span> 
     </span>
    </p>
   </div>
  </div>
 </body>
</html>
