<?xml version="1.0" encoding="UTF-8"?>
<!DOCTYPE html PUBLIC "-//W3C//DTD XHTML 1.0 Transitional//EN"
    "http://www.w3.org/TR/xhtml1/DTD/xhtml1-transitional.dtd">
<html xmlns="http://www.w3.org/1999/xhtml" xml:lang="en" lang="en">
 <head>
  <title>
</title>
<meta http-equiv="Content-Type" content="text/html;charset=utf-8" />
  <meta name='ocr-system' content='tesseract 3.04.00' />
  <meta name='ocr-capabilities' content='ocr_page ocr_carea ocr_par ocr_line ocrx_word'/>
</head>
<body>
  <div class='ocr_page' id='page_1' title='image "./caiipliniisecun04unkngoog_0049.png"; bbox 0 0 2000 3600; ppageno 0'>
   <div class='ocr_carea' id='block_1_1' title="bbox 473 211 1540 316">
    <p class='ocr_par' dir='ltr' id='par_1_1' title="bbox 473 211 1540 316">
     <span class='ocr_line' id='line_1_1' title="bbox 473 211 1540 316; baseline 0.005 -33"><span class='ocrx_word' id='word_1_1' title='bbox 473 212 595 284; x_wconf 83' lang='grc' dir='ltr'><strong>Ηι</strong></span> <span class='ocrx_word' id='word_1_2' title='bbox 612 231 657 284; x_wconf 83' lang='lat' dir='ltr'><strong>s</strong></span> <span class='ocrx_word' id='word_1_3' title='bbox 675 228 725 284; x_wconf 80' lang='grc' dir='ltr'><strong><em>τ</em></strong></span> <span class='ocrx_word' id='word_1_4' title='bbox 743 230 881 285; x_wconf 73' lang='lat' dir='ltr'><strong>on.</strong></span> <span class='ocrx_word' id='word_1_5' title='bbox 896 211 1045 286; x_wconf 87' lang='lat' dir='ltr'><strong>Lib.</strong></span> <span class='ocrx_word' id='word_1_6' title='bbox 1077 212 1353 290; x_wconf 86' lang='lat' dir='ltr'>XXVI.</span> <span class='ocrx_word' id='word_1_7' title='bbox 1452 230 1540 316; x_wconf 71' lang='lat'><strong>39</strong></span> 
     </span>
    </p>
   </div>
   <div class='ocr_carea' id='block_1_2' title="bbox 163 330 1544 2844">
    <p class='ocr_par' dir='ltr' id='par_1_2' title="bbox 197 330 1544 557">
     <span class='ocr_line' id='line_1_2' title="bbox 204 330 1544 414; baseline 0.003 -20"><span class='ocrx_word' id='word_1_8' title='bbox 204 331 329 394; x_wconf 74' lang='lat' dir='ltr'><strong>lirici</strong></span> <span class='ocrx_word' id='word_1_9' title='bbox 359 333 565 414; x_wconf 79' lang='lat' dir='ltr'><strong>cyatho</strong></span> <span class='ocrx_word' id='word_1_10' title='bbox 585 377 607 406; x_wconf 91' lang='lat'>,</span> <span class='ocrx_word' id='word_1_11' title='bbox 645 333 836 394; x_wconf 81' lang='lat' dir='ltr'><strong>mellis</strong></span> <span class='ocrx_word' id='word_1_12' title='bbox 870 330 1060 395; x_wconf 84' lang='lat' dir='ltr'><strong>-Attici</strong></span> <span class='ocrx_word' id='word_1_13' title='bbox 1101 336 1270 397; x_wconf 67' lang='lat' dir='ltr'><strong>uncia</strong></span> <span class='ocrx_word' id='word_1_14' title='bbox 1303 357 1322 396; x_wconf 73' lang='grc' dir='ltr'><strong>ε</strong></span> <span class='ocrx_word' id='word_1_15' title='bbox 1364 335 1544 398; x_wconf 64' lang='lat' dir='ltr'><strong>scans-</strong></span> 
     </span>
     <span class='ocr_line' id='line_1_3' title="bbox 203 414 1542 485; baseline 0.007 -10"><span class='ocrx_word' id='word_1_16' title='bbox 203 418 437 475; x_wconf 86' lang='lat' dir='ltr'><strong>monium</strong></span> <span class='ocrx_word' id='word_1_17' title='bbox 453 414 653 476; x_wconf 79' lang='lat' dir='ltr'><strong>obolis</strong></span> <span class='ocrx_word' id='word_1_18' title='bbox 668 414 892 476; x_wconf 84' lang='lat' dir='ltr'><strong>duobus</strong></span> <span class='ocrx_word' id='word_1_19' title='bbox 910 436 1047 477; x_wconf 85' lang='lat' dir='ltr'><strong>curn</strong></span> <span class='ocrx_word' id='word_1_20' title='bbox 1068 414 1311 480; x_wconf 75' lang='lat' dir='ltr'><strong>castorei</strong></span> <span class='ocrx_word' id='word_1_21' title='bbox 1337 418 1542 485; x_wconf 74' lang='lat' dir='ltr'><strong>drach»-</strong></span> 
     </span>
     <span class='ocr_line' id='line_1_4' title="bbox 197 513 588 557; baseline -0.003 0"><span class='ocrx_word' id='word_1_22' title='bbox 197 516 302 557; x_wconf 84' lang='lat' dir='ltr'><strong>mrs</strong></span> <span class='ocrx_word' id='word_1_23' title='bbox 409 513 588 557; x_wconf 81' lang='lat' dir='ltr'><strong>atuor.</strong></span> 
     </span>
    </p>

    <p class='ocr_par' dir='ltr' id='par_1_3' title="bbox 163 575 1538 2844">
     <span class='ocr_line' id='line_1_5' title="bbox 422 575 1538 718; baseline 0.004 -81"><span class='ocrx_word' id='word_1_24' title='bbox 422 575 465 637; x_wconf 91' lang='lat'><strong>1.</strong></span> <span class='ocrx_word' id='word_1_25' title='bbox 483 577 528 637; x_wconf 91' lang='lat' dir='ltr'>F</span> <span class='ocrx_word' id='word_1_26' title='bbox 530 577 699 637; x_wconf 88' lang='lat' dir='ltr'><strong>ebres</strong></span> <span class='ocrx_word' id='word_1_27' title='bbox 715 575 947 718; x_wconf 54' lang='lat' dir='ltr'><strong>stiffdas</strong></span> <span class='ocrx_word' id='word_1_28' title='bbox 969 577 1221 640; x_wconf 81' lang='lat' dir='ltr'><strong>leviores</strong></span> <span class='ocrx_word' id='word_1_29' title='bbox 1246 578 1380 642; x_wconf 81' lang='lat' dir='ltr'><strong>facit</strong></span> <span class='ocrx_word' id='word_1_30' title='bbox 1409 600 1538 665; x_wconf 82' lang='lat' dir='ltr'><strong>aga-</strong></span> 
     </span>
     <span class='ocr_line' id='line_1_6' title="bbox 192 658 1533 740; baseline 0.004 -23"><span class='ocrx_word' id='word_1_31' title='bbox 192 658 366 718; x_wconf 80' lang='lat' dir='ltr'><strong>ricum</strong></span> <span class='ocrx_word' id='word_1_32' title='bbox 403 675 603 738; x_wconf 83' lang='lat' dir='ltr'><strong>potum</strong></span> <span class='ocrx_word' id='word_1_33' title='bbox 639 661 699 717; x_wconf 91' lang='lat' dir='ltr'><strong>in</strong></span> <span class='ocrx_word' id='word_1_34' title='bbox 732 680 763 720; x_wconf 89' lang='lat' dir='ltr'><strong>c</strong></span> <span class='ocrx_word' id='word_1_35' title='bbox 821 659 916 719; x_wconf 70' lang='lat' dir='ltr'><strong>ida</strong></span> <span class='ocrx_word' id='word_1_36' title='bbox 949 659 1098 740; x_wconf 63' lang='lat' dir='ltr'><strong>aqua</strong></span> <span class='ocrx_word' id='word_1_37' title='bbox 1124 683 1141 721; x_wconf 68' lang='grc' dir='ltr'><em>ι</em></span> <span class='ocrx_word' id='word_1_38' title='bbox 1168 664 1429 722; x_wconf 83' lang='lat' dir='ltr'><strong>tertianas</strong></span> <span class='ocrx_word' id='word_1_39' title='bbox 1462 664 1533 723; x_wconf 85' lang='lat' dir='ltr'><strong>si·</strong></span> 
     </span>
     <span class='ocr_line' id='line_1_7' title="bbox 187 738 1529 824; baseline 0.005 -26"><span class='ocrx_word' id='word_1_40' title='bbox 187 738 378 799; x_wconf 81' lang='lat' dir='ltr'><strong>detitis</strong></span> <span class='ocrx_word' id='word_1_41' title='bbox 409 759 538 798; x_wconf 87' lang='lat' dir='ltr'><strong>cum</strong></span> <span class='ocrx_word' id='word_1_42' title='bbox 573 739 752 800; x_wconf 86' lang='lat' dir='ltr'><strong>oleo:</strong></span> <span class='ocrx_word' id='word_1_43' title='bbox 789 741 933 800; x_wconf 83' lang='lat' dir='ltr'><strong>item</strong></span> <span class='ocrx_word' id='word_1_44' title='bbox 962 739 1226 802; x_wconf 78' lang='lat' dir='ltr'><strong>ladanum</strong></span> <span class='ocrx_word' id='word_1_45' title='bbox 1245 784 1267 815; x_wconf 88' lang='lat'>‚</span> <span class='ocrx_word' id='word_1_46' title='bbox 1290 744 1449 824; x_wconf 85' lang='lat' dir='ltr'><strong>qnod</strong></span> <span class='ocrx_word' id='word_1_47' title='bbox 1468 746 1529 805; x_wconf 80' lang='lat' dir='ltr'><strong>in</strong></span> 
     </span>
     <span class='ocr_line' id='line_1_8' title="bbox 180 817 1528 906; baseline 0.004 -27"><span class='ocrx_word' id='word_1_48' title='bbox 180 817 460 903; x_wconf 84' lang='lat' dir='ltr'><strong>segetibus</strong></span> <span class='ocrx_word' id='word_1_49' title='bbox 490 819 765 892; x_wconf 84' lang='lat' dir='ltr'><strong>nascitur,</strong></span> <span class='ocrx_word' id='word_1_50' title='bbox 787 819 1089 881; x_wconf 83' lang='lat' dir='ltr'><strong>contusum</strong></span> <span class='ocrx_word' id='word_1_51' title='bbox 1114 843 1130 883; x_wconf 70' lang='grc' dir='ltr'><strong><em>ι</em></strong></span> <span class='ocrx_word' id='word_1_52' title='bbox 1168 823 1435 906; x_wconf 84' lang='lat' dir='ltr'><strong>plantago</strong></span> <span class='ocrx_word' id='word_1_53' title='bbox 1456 843 1528 884; x_wconf 78' lang='lat' dir='ltr'><strong>ex</strong></span> 
     </span>
     <span class='ocr_line' id='line_1_9' title="bbox 178 899 1529 982; baseline 0.005 -23"><span class='ocrx_word' id='word_1_54' title='bbox 178 899 335 982; x_wconf 63' lang='lat' dir='ltr'><strong>aqui</strong></span> <span class='ocrx_word' id='word_1_55' title='bbox 365 900 578 975; x_wconf 66' lang='lat' dir='ltr'><strong>mulsa,</strong></span> <span class='ocrx_word' id='word_1_56' title='bbox 621 900 843 961; x_wconf 87' lang='lat' dir='ltr'><strong>duabus</strong></span> <span class='ocrx_word' id='word_1_57' title='bbox 870 900 1032 962; x_wconf 86' lang='lat' dir='ltr'><strong>horis</strong></span> <span class='ocrx_word' id='word_1_58' title='bbox 1072 918 1203 964; x_wconf 83' lang='lat' dir='ltr'><strong>ante</strong></span> <span class='ocrx_word' id='word_1_59' title='bbox 1236 906 1529 966; x_wconf 84' lang='lat' dir='ltr'><strong>accessio-</strong></span> 
     </span>
     <span class='ocr_line' id='line_1_10' title="bbox 178 981 1528 1061; baseline 0.004 -22"><span class='ocrx_word' id='word_1_60' title='bbox 178 999 325 1042; x_wconf 74' lang='lat' dir='ltr'><strong>nem</strong></span> <span class='ocrx_word' id='word_1_61' title='bbox 358 999 488 1061; x_wconf 87' lang='lat' dir='ltr'><strong>pota</strong></span> <span class='ocrx_word' id='word_1_62' title='bbox 523 981 676 1041; x_wconf 87' lang='lat' dir='ltr'><strong>binis</strong></span> <span class='ocrx_word' id='word_1_63' title='bbox 716 981 1033 1043; x_wconf 71' lang='lat' dir='ltr'><strong>drachmisz</strong></span> <span class='ocrx_word' id='word_1_64' title='bbox 1062 983 1164 1043; x_wconf 79' lang='lat' dir='ltr'><strong>vel</strong></span> <span class='ocrx_word' id='word_1_65' title='bbox 1195 981 1393 1045; x_wconf 87' lang='lat' dir='ltr'><strong>succus</strong></span> <span class='ocrx_word' id='word_1_66' title='bbox 1431 1005 1528 1044; x_wconf 86' lang='lat' dir='ltr'><strong>ra-</strong></span> 
     </span>
     <span class='ocr_line' id='line_1_11' title="bbox 180 1059 1529 1145; baseline 0.001 -22"><span class='ocrx_word' id='word_1_67' title='bbox 180 1062 330 1123; x_wconf 81' lang='lat' dir='ltr'><strong>dicis</strong></span> <span class='ocrx_word' id='word_1_68' title='bbox 372 1059 697 1122; x_wconf 73' lang='lat' dir='ltr'><strong>madefa&amp;ae</strong></span> <span class='ocrx_word' id='word_1_69' title='bbox 732 1061 832 1122; x_wconf 81' lang='lat' dir='ltr'><strong>vel</strong></span> <span class='ocrx_word' id='word_1_70' title='bbox 875 1060 1049 1122; x_wconf 81' lang='lat' dir='ltr'><strong>tusae:</strong></span> <span class='ocrx_word' id='word_1_71' title='bbox 1083 1063 1183 1123; x_wconf 86' lang='lat' dir='ltr'><strong>vel</strong></span> <span class='ocrx_word' id='word_1_72' title='bbox 1220 1063 1338 1145; x_wconf 87' lang='lat' dir='ltr'><strong>ipsa</strong></span> <span class='ocrx_word' id='word_1_73' title='bbox 1369 1065 1529 1125; x_wconf 80' lang='lat' dir='ltr'><strong>radix</strong></span> 
     </span>
     <span class='ocr_line' id='line_1_12' title="bbox 178 1140 1533 1307; baseline 0.002 -23"><span class='ocrx_word' id='word_1_74' title='bbox 178 1157 311 1284; x_wconf 54' lang='grc' dir='ltr'><strong>ξιξ</strong></span> <span class='ocrx_word' id='word_1_75' title='bbox 322 1140 1533 1307; x_wconf 42' lang='lat' dir='ltr'><strong>¹1:331:ainfegicssuzalcfaessisQarggzmdetgg</strong></span> 
     </span>
     <span class='ocr_line' id='line_1_13' title="bbox 176 1303 1526 1387; baseline 0.003 -24"><span class='ocrx_word' id='word_1_76' title='bbox 176 1324 254 1365; x_wconf 88' lang='lat' dir='ltr'><strong>re.</strong></span> <span class='ocrx_word' id='word_1_77' title='bbox 291 1305 480 1366; x_wconf 86' lang='lat' dir='ltr'><strong>Iidem</strong></span> <span class='ocrx_word' id='word_1_78' title='bbox 510 1305 570 1362; x_wconf 88' lang='lat' dir='ltr'><strong>in</strong></span> <span class='ocrx_word' id='word_1_79' title='bbox 608 1303 889 1385; x_wconf 85' lang='lat' dir='ltr'><strong>quartanis</strong></span> <span class='ocrx_word' id='word_1_80' title='bbox 926 1304 992 1365; x_wconf 87' lang='lat'>&amp;</span> <span class='ocrx_word' id='word_1_81' title='bbox 1033 1322 1332 1387; x_wconf 83' lang='lat' dir='ltr'><strong>quaternas</strong></span> <span class='ocrx_word' id='word_1_82' title='bbox 1364 1306 1526 1368; x_wconf 84' lang='lat' dir='ltr'><strong>fece·</strong></span> 
     </span>
     <span class='ocr_line' id='line_1_14' title="bbox 176 1382 1534 1467; baseline 0.001 -20"><span class='ocrx_word' id='word_1_83' title='bbox 176 1404 319 1447; x_wconf 87' lang='lat' dir='ltr'><strong>runt.</strong></span> <span class='ocrx_word' id='word_1_84' title='bbox 358 1383 629 1467; x_wconf 84' lang='lat' dir='ltr'><strong>Bugloffo</strong></span> <span class='ocrx_word' id='word_1_85' title='bbox 661 1382 1011 1445; x_wconf 85' lang='lat' dir='ltr'><strong>inarescente</strong></span> <span class='ocrx_word' id='word_1_86' title='bbox 1031 1428 1055 1457; x_wconf 83' lang='lat'>,</span> <span class='ocrx_word' id='word_1_87' title='bbox 1091 1387 1138 1445; x_wconf 93' lang='lat' dir='ltr'><strong>si</strong></span> <span class='ocrx_word' id='word_1_88' title='bbox 1161 1389 1285 1467; x_wconf 87' lang='lat' dir='ltr'><strong>quis</strong></span> <span class='ocrx_word' id='word_1_89' title='bbox 1308 1388 1534 1448; x_wconf 74' lang='lat' dir='ltr'><strong>medul-</strong></span> 
     </span>
     <span class='ocr_line' id='line_1_15' title="bbox 175 1465 1529 1550; baseline 0.003 -25"><span class='ocrx_word' id='word_1_90' title='bbox 175 1466 283 1526; x_wconf 88' lang='lat' dir='ltr'><strong>lam</strong></span> <span class='ocrx_word' id='word_1_91' title='bbox 322 1487 356 1527; x_wconf 92' lang='lat' dir='ltr'><strong>e</strong></span> <span class='ocrx_word' id='word_1_92' title='bbox 392 1465 556 1527; x_wconf 87' lang='lat' dir='ltr'><strong>caule</strong></span> <span class='ocrx_word' id='word_1_93' title='bbox 594 1467 834 1538; x_wconf 84' lang='lat' dir='ltr'><strong>eximat,</strong></span> <span class='ocrx_word' id='word_1_94' title='bbox 855 1465 1123 1546; x_wconf 86' lang='lat' dir='ltr'><strong>dicatque</strong></span> <span class='ocrx_word' id='word_1_95' title='bbox 1159 1467 1232 1527; x_wconf 88' lang='lat' dir='ltr'><strong>ad</strong></span> <span class='ocrx_word' id='word_1_96' title='bbox 1257 1487 1433 1550; x_wconf 85' lang='lat' dir='ltr'><strong>quem</strong></span> <span class='ocrx_word' id='word_1_97' title='bbox 1455 1468 1529 1529; x_wconf 86' lang='lat' dir='ltr'><strong>li·</strong></span> 
     </span>
     <span class='ocr_line' id='line_1_16' title="bbox 174 1545 1525 1630; baseline -0.004 -22"><span class='ocrx_word' id='word_1_98' title='bbox 174 1546 488 1608; x_wconf 78' lang='lat' dir='ltr'><strong>herandum</strong></span> <span class='ocrx_word' id='word_1_99' title='bbox 509 1545 659 1606; x_wconf 85' lang='lat' dir='ltr'><strong>febri</strong></span> <span class='ocrx_word' id='word_1_100' title='bbox 682 1546 745 1605; x_wconf 85' lang='lat' dir='ltr'><strong>id</strong></span> <span class='ocrx_word' id='word_1_101' title='bbox 764 1545 936 1606; x_wconf 85' lang='lat' dir='ltr'><strong>faciat</strong></span> <span class='ocrx_word' id='word_1_102' title='bbox 954 1589 975 1619; x_wconf 91' lang='lat'>‚</span> <span class='ocrx_word' id='word_1_103' title='bbox 1004 1548 1071 1607; x_wconf 88' lang='lat'>&amp;</span> <span class='ocrx_word' id='word_1_104' title='bbox 1102 1546 1298 1629; x_wconf 83' lang='lat' dir='ltr'><strong>alliget</strong></span> <span class='ocrx_word' id='word_1_105' title='bbox 1318 1550 1370 1608; x_wconf 90' lang='lat' dir='ltr'><strong>ei</strong></span> <span class='ocrx_word' id='word_1_106' title='bbox 1391 1547 1525 1630; x_wconf 70' lang='lat' dir='ltr'><strong>sep-</strong></span> 
     </span>
     <span class='ocr_line' id='line_1_17' title="bbox 172 1626 1532 1702; baseline 0.001 -14"><span class='ocrx_word' id='word_1_107' title='bbox 172 1644 288 1689; x_wconf 77' lang='lat' dir='ltr'><strong>tem</strong></span> <span class='ocrx_word' id='word_1_108' title='bbox 321 1627 464 1690; x_wconf 82' lang='lat' dir='ltr'><strong>folia</strong></span> <span class='ocrx_word' id='word_1_109' title='bbox 500 1643 632 1687; x_wconf 87' lang='lat' dir='ltr'><strong>ante</strong></span> <span class='ocrx_word' id='word_1_110' title='bbox 670 1629 1093 1702; x_wconf 82' lang='lat' dir='ltr'><strong>accessionem,</strong></span> <span class='ocrx_word' id='word_1_111' title='bbox 1125 1630 1280 1688; x_wconf 87' lang='lat' dir='ltr'><strong>aiunt</strong></span> <span class='ocrx_word' id='word_1_112' title='bbox 1299 1626 1445 1690; x_wconf 83' lang='lat' dir='ltr'><strong>febri</strong></span> <span class='ocrx_word' id='word_1_113' title='bbox 1468 1630 1532 1690; x_wconf 84' lang='lat' dir='ltr'><strong>Ii-</strong></span> 
     </span>
     <span class='ocr_line' id='line_1_18' title="bbox 172 1707 1527 1792; baseline 0 -22"><span class='ocrx_word' id='word_1_114' title='bbox 172 1708 372 1771; x_wconf 81' lang='lat' dir='ltr'><strong>berari.</strong></span> <span class='ocrx_word' id='word_1_115' title='bbox 389 1709 541 1770; x_wconf 81' lang='lat' dir='ltr'><strong>Item</strong></span> <span class='ocrx_word' id='word_1_116' title='bbox 555 1707 881 1769; x_wconf 84' lang='lat' dir='ltr'><strong>Vettonicae</strong></span> <span class='ocrx_word' id='word_1_117' title='bbox 895 1708 1228 1769; x_wconf 84' lang='lat' dir='ltr'><strong>drachmam</strong></span> <span class='ocrx_word' id='word_1_118' title='bbox 1243 1754 1263 1784; x_wconf 88' lang='lat'>‚</span> <span class='ocrx_word' id='word_1_119' title='bbox 1282 1711 1341 1768; x_wconf 90' lang='lat' dir='ltr'><strong>in</strong></span> <span class='ocrx_word' id='word_1_120' title='bbox 1361 1731 1527 1792; x_wconf 82' lang='lat' dir='ltr'><strong>aquae</strong></span> 
     </span>
     <span class='ocr_line' id='line_1_19' title="bbox 173 1788 1533 1872; baseline -0.001 -21"><span class='ocrx_word' id='word_1_121' title='bbox 173 1791 356 1852; x_wconf 83' lang='lat' dir='ltr'><strong>mulsae</strong></span> <span class='ocrx_word' id='word_1_122' title='bbox 398 1788 625 1872; x_wconf 80' lang='lat' dir='ltr'><strong>cyathis</strong></span> <span class='ocrx_word' id='word_1_123' title='bbox 659 1789 841 1850; x_wconf 85' lang='lat' dir='ltr'><strong>tribus</strong></span> <span class='ocrx_word' id='word_1_124' title='bbox 866 1812 881 1850; x_wconf 76' lang='lat' dir='ltr'><strong><em>z</em></strong></span> <span class='ocrx_word' id='word_1_125' title='bbox 904 1789 1008 1850; x_wconf 84' lang='lat' dir='ltr'><strong>vel</strong></span> <span class='ocrx_word' id='word_1_126' title='bbox 1043 1791 1333 1870; x_wconf 77' lang='lat' dir='ltr'><strong>agaricum</strong></span> <span class='ocrx_word' id='word_1_127' title='bbox 1353 1832 1372 1862; x_wconf 87' lang='lat'><strong>,</strong></span> <span class='ocrx_word' id='word_1_128' title='bbox 1407 1811 1533 1850; x_wconf 87' lang='lat' dir='ltr'><strong>ma·</strong></span> 
     </span>
     <span class='ocr_line' id='line_1_20' title="bbox 170 1869 1538 1949; baseline -0.001 -15"><span class='ocrx_word' id='word_1_129' title='bbox 170 1874 318 1934; x_wconf 68' lang='lat' dir='ltr'><strong>xime</strong></span> <span class='ocrx_word' id='word_1_130' title='bbox 334 1876 399 1933; x_wconf 87' lang='lat' dir='ltr'><strong>in</strong></span> <span class='ocrx_word' id='word_1_131' title='bbox 423 1873 509 1931; x_wconf 85' lang='lat' dir='ltr'><strong>his</strong></span> <span class='ocrx_word' id='word_1_132' title='bbox 533 1869 790 1934; x_wconf 81' lang='lat' dir='ltr'><strong>febribus</strong></span> <span class='ocrx_word' id='word_1_133' title='bbox 814 1913 833 1942; x_wconf 92' lang='lat'><strong>,</strong></span> <span class='ocrx_word' id='word_1_134' title='bbox 859 1889 990 1949; x_wconf 82' lang='lat' dir='ltr'><strong>quae</strong></span> <span class='ocrx_word' id='word_1_135' title='bbox 1010 1888 1143 1927; x_wconf 84' lang='lat' dir='ltr'><strong>cum</strong></span> <span class='ocrx_word' id='word_1_136' title='bbox 1171 1869 1414 1930; x_wconf 87' lang='lat' dir='ltr'><strong>horrore</strong></span> <span class='ocrx_word' id='word_1_137' title='bbox 1437 1889 1538 1948; x_wconf 78' lang='lat' dir='ltr'><strong>ve·</strong></span> 
     </span>
     <span class='ocr_line' id='line_1_21' title="bbox 168 1947 1531 2033; baseline 0.001 -21"><span class='ocrx_word' id='word_1_138' title='bbox 168 1954 347 2014; x_wconf 85' lang='lat' dir='ltr'><strong>niant.</strong></span> <span class='ocrx_word' id='word_1_139' title='bbox 403 1949 813 2033; x_wconf 85' lang='lat' dir='ltr'><strong>Quinqnefolii</strong></span> <span class='ocrx_word' id='word_1_140' title='bbox 844 1947 984 2009; x_wconf 86' lang='lat' dir='ltr'><strong>folia</strong></span> <span class='ocrx_word' id='word_1_141' title='bbox 997 1947 1226 2030; x_wconf 86' lang='lat' dir='ltr'><strong>quidam</strong></span> <span class='ocrx_word' id='word_1_142' title='bbox 1243 1965 1402 2011; x_wconf 88' lang='lat' dir='ltr'><strong>terna</strong></span> <span class='ocrx_word' id='word_1_143' title='bbox 1424 1969 1531 2013; x_wconf 87' lang='lat' dir='ltr'><strong>ter·</strong></span> 
     </span>
     <span class='ocr_line' id='line_1_22' title="bbox 167 2031 1531 2113; baseline 0 -18"><span class='ocrx_word' id='word_1_144' title='bbox 167 2036 328 2095; x_wconf 80' lang='lat' dir='ltr'><strong>tianis</strong></span> <span class='ocrx_word' id='word_1_145' title='bbox 350 2031 568 2093; x_wconf 63' lang='lat' dir='ltr'><strong>dedere</strong></span> <span class='ocrx_word' id='word_1_146' title='bbox 583 2077 603 2107; x_wconf 88' lang='lat'>‚</span> <span class='ocrx_word' id='word_1_147' title='bbox 742 2047 903 2092; x_wconf 84' lang='lat' dir='ltr'><strong>terna</strong></span> <span class='ocrx_word' id='word_1_148' title='bbox 921 2032 1206 2113; x_wconf 82' lang='lat' dir='ltr'><strong>quartanis</strong></span> <span class='ocrx_word' id='word_1_149' title='bbox 1223 2076 1244 2106; x_wconf 91' lang='lat'>‚</span> <span class='ocrx_word' id='word_1_150' title='bbox 1262 2031 1421 2112; x_wconf 75' lang='lat' dir='ltr'><strong>plura</strong></span> <span class='ocrx_word' id='word_1_151' title='bbox 1441 2054 1531 2095; x_wconf 79' lang='lat' dir='ltr'><strong>ce·</strong></span> 
     </span>
     <span class='ocr_line' id='line_1_23' title="bbox 165 2110 1532 2196; baseline 0 -21"><span class='ocrx_word' id='word_1_152' title='bbox 165 2117 296 2177; x_wconf 84' lang='lat' dir='ltr'><strong>teris</strong></span> <span class='ocrx_word' id='word_1_153' title='bbox 316 2136 333 2176; x_wconf 73' lang='grc' dir='ltr'><strong><em>ε</em></strong></span> <span class='ocrx_word' id='word_1_154' title='bbox 357 2114 453 2175; x_wconf 90' lang='lat' dir='ltr'><strong>alii</strong></span> <span class='ocrx_word' id='word_1_155' title='bbox 474 2115 638 2174; x_wconf 84' lang='lat' dir='ltr'><strong>omni</strong></span> <span class='ocrx_word' id='word_1_156' title='bbox 681 2132 749 2173; x_wconf 88' lang='lat' dir='ltr'><strong>us</strong></span> <span class='ocrx_word' id='word_1_157' title='bbox 767 2155 787 2185; x_wconf 89' lang='lat'><strong>‚</strong></span> <span class='ocrx_word' id='word_1_158' title='bbox 801 2128 917 2173; x_wconf 85' lang='lat' dir='ltr'><strong>tres</strong></span> <span class='ocrx_word' id='word_1_159' title='bbox 936 2110 1152 2172; x_wconf 84' lang='lat' dir='ltr'><strong>obolos</strong></span> <span class='ocrx_word' id='word_1_160' title='bbox 1169 2133 1301 2173; x_wconf 86' lang='lat' dir='ltr'><strong>curn</strong></span> <span class='ocrx_word' id='word_1_161' title='bbox 1330 2116 1532 2196; x_wconf 86' lang='lat' dir='ltr'><strong>pipere</strong></span> 
     </span>
     <span class='ocr_line' id='line_1_24' title="bbox 168 2192 1533 2278; baseline -0.001 -21"><span class='ocrx_word' id='word_1_162' title='bbox 168 2215 234 2257; x_wconf 81' lang='lat' dir='ltr'><strong>ex</strong></span> <span class='ocrx_word' id='word_1_163' title='bbox 244 2195 395 2278; x_wconf 61' lang='lat' dir='ltr'><strong>aqui</strong></span> <span class='ocrx_word' id='word_1_164' title='bbox 405 2194 612 2255; x_wconf 59' lang='lat' dir='ltr'><strong>mulsa.</strong></span> <span class='ocrx_word' id='word_1_165' title='bbox 628 2192 969 2254; x_wconf 87' lang='lat' dir='ltr'><strong>Verbenaca</strong></span> <span class='ocrx_word' id='word_1_166' title='bbox 981 2192 1218 2272; x_wconf 85' lang='lat' dir='ltr'><strong>quidem</strong></span> <span class='ocrx_word' id='word_1_167' title='bbox 1233 2194 1296 2255; x_wconf 89' lang='lat'>&amp;</span> <span class='ocrx_word' id='word_1_168' title='bbox 1307 2192 1533 2273; x_wconf 82' lang='lat' dir='ltr'><strong>jumen·</strong></span> 
     </span>
     <span class='ocr_line' id='line_1_25' title="bbox 168 2273 1530 2339; baseline -0.001 -3"><span class='ocrx_word' id='word_1_169' title='bbox 168 2291 353 2339; x_wconf 82' lang='lat' dir='ltr'><strong>torum</strong></span> <span class='ocrx_word' id='word_1_170' title='bbox 405 2275 662 2337; x_wconf 84' lang='lat' dir='ltr'><strong>febribus</strong></span> <span class='ocrx_word' id='word_1_171' title='bbox 705 2276 765 2334; x_wconf 85' lang='lat' dir='ltr'><strong>in</strong></span> <span class='ocrx_word' id='word_1_172' title='bbox 801 2277 945 2336; x_wconf 82' lang='lat' dir='ltr'><strong>vino</strong></span> <span class='ocrx_word' id='word_1_173' title='bbox 983 2273 1290 2334; x_wconf 82' lang='lat' dir='ltr'><strong>medetur:</strong></span> <span class='ocrx_word' id='word_1_174' title='bbox 1327 2274 1426 2335; x_wconf 88' lang='lat' dir='ltr'><strong>sed</strong></span> <span class='ocrx_word' id='word_1_175' title='bbox 1465 2277 1530 2335; x_wconf 88' lang='lat' dir='ltr'><strong>in</strong></span> 
     </span>
     <span class='ocr_line' id='line_1_26' title="bbox 165 2351 1531 2451; baseline -0.001 -34"><span class='ocrx_word' id='word_1_176' title='bbox 165 2359 418 2421; x_wconf 79' lang='lat' dir='ltr'><strong>tertianis</strong></span> <span class='ocrx_word' id='word_1_177' title='bbox 447 2379 482 2418; x_wconf 90' lang='lat' dir='ltr'><strong>a</strong></span> <span class='ocrx_word' id='word_1_178' title='bbox 520 2357 698 2417; x_wconf 87' lang='lat' dir='ltr'><strong>tertio</strong></span> <span class='ocrx_word' id='word_1_179' title='bbox 739 2354 1006 2451; x_wconf 75' lang='lat' dir='ltr'><strong>geniculo</strong></span> <span class='ocrx_word' id='word_1_180' title='bbox 1042 2351 1216 2414; x_wconf 88' lang='lat' dir='ltr'><strong>incisa</strong></span> <span class='ocrx_word' id='word_1_181' title='bbox 1236 2398 1257 2428; x_wconf 90' lang='lat'><strong>,</strong></span> <span class='ocrx_word' id='word_1_182' title='bbox 1309 2371 1531 2437; x_wconf 76' lang='lat' dir='ltr'><strong>quarta-</strong></span> 
     </span>
     <span class='ocr_line' id='line_1_27' title="bbox 169 2432 1532 2521; baseline -0.004 -23"><span class='ocrx_word' id='word_1_183' title='bbox 169 2440 251 2500; x_wconf 85' lang='lat' dir='ltr'><strong>nis</strong></span> <span class='ocrx_word' id='word_1_184' title='bbox 280 2462 314 2501; x_wconf 86' lang='lat' dir='ltr'><strong>a</strong></span> <span class='ocrx_word' id='word_1_185' title='bbox 353 2454 587 2521; x_wconf 87' lang='lat' dir='ltr'><strong>quarto.</strong></span> <span class='ocrx_word' id='word_1_186' title='bbox 628 2435 852 2497; x_wconf 75' lang='lat' dir='ltr'><strong>Bibrtur</strong></span> <span class='ocrx_word' id='word_1_187' title='bbox 899 2436 966 2498; x_wconf 73' lang='grc' dir='ltr'><strong>δι</strong></span> <span class='ocrx_word' id='word_1_188' title='bbox 1017 2432 1214 2495; x_wconf 84' lang='lat' dir='ltr'><strong>semen</strong></span> <span class='ocrx_word' id='word_1_189' title='bbox 1261 2434 1532 2516; x_wconf 80' lang='lat' dir='ltr'><strong>hyperici</strong></span> 
     </span>
     <span class='ocr_line' id='line_1_28' title="bbox 168 2513 1534 2603; baseline -0.007 -22"><span class='ocrx_word' id='word_1_190' title='bbox 168 2520 449 2603; x_wconf 72' lang='lat' dir='ltr'><strong>utriusque</strong></span> <span class='ocrx_word' id='word_1_191' title='bbox 473 2522 534 2578; x_wconf 89' lang='lat' dir='ltr'><strong>in</strong></span> <span class='ocrx_word' id='word_1_192' title='bbox 558 2517 847 2599; x_wconf 85' lang='lat' dir='ltr'><strong>quartanis</strong></span> <span class='ocrx_word' id='word_1_193' title='bbox 861 2559 881 2589; x_wconf 89' lang='lat'><strong>‚</strong></span> <span class='ocrx_word' id='word_1_194' title='bbox 903 2517 966 2577; x_wconf 84' lang='lat'>&amp;</span> <span class='ocrx_word' id='word_1_195' title='bbox 988 2513 1351 2577; x_wconf 87' lang='lat' dir='ltr'><strong>horroribus.</strong></span> <span class='ocrx_word' id='word_1_196' title='bbox 1370 2514 1534 2572; x_wconf 85' lang='lat' dir='ltr'><strong>Vet-</strong></span> 
     </span>
     <span class='ocr_line' id='line_1_29' title="bbox 169 2596 1538 2677; baseline -0.004 -18"><span class='ocrx_word' id='word_1_197' title='bbox 169 2603 376 2662; x_wconf 69' lang='lat' dir='ltr'><strong>tonica</strong></span> <span class='ocrx_word' id='word_1_198' title='bbox 405 2600 588 2660; x_wconf 82' lang='lat' dir='ltr'><strong>farina</strong></span> <span class='ocrx_word' id='word_1_199' title='bbox 609 2640 629 2669; x_wconf 89' lang='lat'>‚</span> <span class='ocrx_word' id='word_1_200' title='bbox 651 2617 781 2677; x_wconf 82' lang='lat' dir='ltr'><strong>quae</strong></span> <span class='ocrx_word' id='word_1_201' title='bbox 821 2614 1024 2657; x_wconf 87' lang='lat' dir='ltr'><strong>omnes</strong></span> <span class='ocrx_word' id='word_1_202' title='bbox 1062 2596 1338 2653; x_wconf 84' lang='lat' dir='ltr'><strong>horrores</strong></span> <span class='ocrx_word' id='word_1_203' title='bbox 1370 2611 1538 2653; x_wconf 86' lang='lat' dir='ltr'><strong>coer·</strong></span> 
     </span>
     <span class='ocr_line' id='line_1_30' title="bbox 165 2668 1534 2763; baseline -0.008 -23"><span class='ocrx_word' id='word_1_204' title='bbox 165 2698 272 2742; x_wconf 82' lang='lat' dir='ltr'><strong>cet.</strong></span> <span class='ocrx_word' id='word_1_205' title='bbox 321 2680 473 2742; x_wconf 80' lang='lat' dir='ltr'><strong>Item</strong></span> <span class='ocrx_word' id='word_1_206' title='bbox 514 2694 804 2763; x_wconf 88' lang='lat' dir='ltr'><strong>panaces,</strong></span> <span class='ocrx_word' id='word_1_207' title='bbox 836 2674 984 2734; x_wconf 75' lang='lat' dir='ltr'><strong>adeo</strong></span> <span class='ocrx_word' id='word_1_208' title='bbox 1017 2668 1406 2735; x_wconf 67' lang='lat' dir='ltr'><strong>excalfa80d2</strong></span> <span class='ocrx_word' id='word_1_209' title='bbox 1428 2694 1534 2735; x_wconf 73' lang='lat' dir='ltr'><strong>na-</strong></span> 
     </span>
     <span class='ocr_line' id='line_1_31' title="bbox 163 2753 1531 2844; baseline -0.004 -19"><span class='ocrx_word' id='word_1_210' title='bbox 163 2762 285 2829; x_wconf 66' lang='lat' dir='ltr'><strong>rura</strong></span> <span class='ocrx_word' id='word_1_211' title='bbox 303 2808 325 2842; x_wconf 89' lang='lat'>,</span> <span class='ocrx_word' id='word_1_212' title='bbox 363 2781 427 2827; x_wconf 85' lang='lat' dir='ltr'><strong>ut</strong></span> <span class='ocrx_word' id='word_1_213' title='bbox 470 2781 586 2844; x_wconf 86' lang='lat' dir='ltr'><strong>per</strong></span> <span class='ocrx_word' id='word_1_214' title='bbox 617 2759 820 2822; x_wconf 83' lang='lat' dir='ltr'><strong>nivem</strong></span> <span class='ocrx_word' id='word_1_215' title='bbox 846 2755 1010 2818; x_wconf 86' lang='lat' dir='ltr'><strong>ituris</strong></span> <span class='ocrx_word' id='word_1_216' title='bbox 1032 2753 1230 2818; x_wconf 86' lang='lat' dir='ltr'><strong>hibere</strong></span> <span class='ocrx_word' id='word_1_217' title='bbox 1249 2754 1306 2819; x_wconf 87' lang='lat' dir='ltr'><strong>id</strong></span> <span class='ocrx_word' id='word_1_218' title='bbox 1324 2775 1531 2838; x_wconf 77' lang='lat' dir='ltr'><strong>perun-</strong></span> 
     </span>
    </p>
   </div>
  </div>
 </body>
</html>
