2000 3600
475 302 622 380 ³52
721 280 796 351 C.
855 278 1204 348 ΡιιΝιι
1255 279 1638 351 Naryx:

476 400 714 464 strantur
737 442 758 473 ,
792 399 939 459 sicut
987 398 1322 480 apparebit:
1360 398 1518 481 quod
1554 398 1852 481 equiciem

479 484 692 554 miror,
738 479 870 538 cum
907 478 1059 539 febri
1120 496 1358 560 negetur
1418 493 1631 540 carere.
1680 480 1850 541 Am·

477 562 626 644 plior
654 560 912 641 potentia
948 556 1087 619 feris
1113 556 1369 640 ejusdem
1389 562 1647 642 generis,
1666 559 1849 641 quod

477 641 1011 701 numerosissimum
1054 637 1166 700 esse
1215 639 1482 701 diximus.
1512 640 1648 701 Alia
1678 641 1846 701 verb

474 722 545 784 &
581 721 776 784 hircis.
817 717 1192 780 Democritus
1228 722 1540 780 etiamnum
1594 719 1845 781 effeRus

470 799 605 882 ejus
641 816 812 884 auget
829 845 858 876 ,.
876 802 974 883 qui
1017 799 1309 882 singularis
1348 818 1522 861 natus.
1546 802 1634 861 sit.
1662 799 1843 860 Fimo

480 901 720 964 quoque
765 901 1066 962 caprarum
1097 885 1157 940 in
1188 897 1355 941 aceto
1408 880 1652 941 decocto
1691 881 1845 940 illini

481 961 624 1023 ffius
665 961 1007 1043 serpentium
1050 961 1275 1042 placet,
1305 961 1371 1022 &
1394 962 1643 1021 recentis
1680 962 1847 1021 cine·

480 1062 550 1106 re
594 1043 654 1101 in
687 1044 829 1102 vino
849 1063 871 1103 ε
899 1058 1073 1123 atque
1110 1042 1170 1100 in
1204 1056 1396 1100 totum
1436 1039 1734 1100 difficilius.
1780 1038 1842 1101 se

481 1122 886 1204 ”colligentes
925 1142 960 1181 a
999 1121 1343 1201 serpentium
1378 1120 1526 1195 ictu,
1564 1123 1624 1180 in
1659 1122 1847 1202 capria-

484 1202 634 1263 libus
671 1202 890 1281 optime
926 1199 1350 1262 convalescunt.
1393 1200 1523 1279 Qui
1547 1198 1838 1261 efficacius

485 1281 694 1342 volunt
735 1280 994 1351 mederi,
1031 1279 1236 1340 occisae
1272 1302 1456 1363 caprae
1491 1281 1689 1341 alvum
1723 1280 1846 1341 dis·

482 1360 691 1421 scitam
717 1380 850 1421 cum
875 1357 1024 1419 fimo
1049 1362 1203 1421 intus
1234 1379 1466 1442 reperto
1504 1360 1697 1422 statim
1732 1362 1844 1421 illi·

398 1479 403 1484 -
525 1457 639 1501 ant.
671 1440 794 1501 Alii
838 1461 1065 1501 carnem
1092 1457 1382 1502 recentem
1413 1441 1724 1502 hoedorum
1751 1444 1844 1524 pir·

485 1460 550 1583 fo
582 1518 843 1593 suffiunt,
888 1521 1218 1604 eodemque
1250 1522 1454 1582 nidore
1488 1520 1690 1604 fugant
1725 1522 1846 1583 ser·

486 1618 712 1684 pentes.
754 1601 1010 1662 Utuntur
1045 1604 1113 1663 &
1147 1603 1310 1684 pelle
1344 1622 1548 1662 eorum
1605 1620 1840 1666 recente

488 1682 577 1765 ad·
608 1681 835 1762 plagas,
866 1702 1046 1762 earne
1073 1684 1137 1743 δι
1173 1680 1315 1742 fimo
1347 1684 1479 1763 equi
1508 1684 1564 1743 in
1585 1702 1726 1764 agro
1745 1704 1844 1765 pat

491 1760 596 1837 sti,
634 1762 880 1844 coagulo
925 1761 1144 1844 leporis
1172 1783 1245 1824 ex
1278 1779 1446 1824 aceto
1466 1808 1486 1838 ‚
1520 1781 1839 1847 contraque

490 1841 855 1925 scorpionem
876 1843 940 1906 ὃ(
971 1864 1198 1905 murem
1227 1864 1520 1905 araneum.
1541 1843 1727 1906 Aiunt
1745 1867 1845 1906 ati·-

490 1941 617 1986 tem
654 1945 772 1985 non
803 1915 961 1985 feriri
990 1924 1209 2005 leporis
1241 1925 1487 2006 coagulo
1517 1925 1845 2006 pemnaos.

491 2003 553 2065 A
587 2003 887 2085 scorpione
927 2007 1210 2086 percussis
1230 2050 1253 2080 ‚
1288 2002 1491 2066 fimum
1512 2026 1699 2085 caeprae
1727 2004 1843 2067 effi·-

488 2085 678 2143 caciiis
711 2104 842 2145 cum
866 2101 1036 2144 aceto
1070 2083 1370 2146 decoRum
1390 2085 1716 2148 auxiliatur:
1744 2088 1845 2147 lar·

490 2162 631 2222 dum
662 2161 863 2242 jusque
906 2163 1132 2225 decoffi
1172 2181 1380 2245 potum
1416 2166 1501 2226 his
1523 2208 1543 2242 ,
1583 2169 1683 2248 qui
1735 2166 1840 2228 bu·

491 2240 733 2324 prestim
765 2241 1070 2303 hauserint.

480 2367 485 2373 .
570 2320 912 2401 Quinetiam
950 2325 997 2382 si
1029 2325 1157 2405 quis
1181 2326 1345 2388 asino
1375 2328 1434 2387 in
1471 2347 1665 2387 aurem
1709 2348 1842 2409 pcr-

480 2401 707 2464 -cuffum
737 2424 770 2462 a
797 2401 1098 2485 scorpione
1134 2404 1193 2467 se
1234 2407 1416 2482 dicat,
1457 2409 1689 2467 transire
1720 2429 1843 2470 ma.-

488 2483 611 2545 lum
649 2485 910 2565 protinus
942 2485 1171 2546 tradunt
1196 2510 1217 2548 2
1248 2504 1648 2569 venenataque
1704 2510 1844 2550 om·

488 2566 585 2626 nia
614 2561 852 2626 accenso
883 2561 1008 2644 ejus
1043 2566 1325 2647 pulmone
1357 2567 1577 2650 fugere.
1603 2566 1845 2631 Etfimo

490 2646 662 2707 vituli
689 2643 858 2706 suffiri
879 2645 1168 2727 pereussos
1189 2670 1223 2707 a
1240 2646 1542 2734 scorpione
1582 2649 1843 2729 prodest.

572 2724 785 2787 XLIII.
825 2724 999 2787 Canis
1050 2729 1265 2788 rabiosi
1303 2727 1492 2789 morsu
1528 2727 1676 2788 facia
1718 2729 1844 2792 vul·

379 2877 389 2886 .
490 2822 630 2866 nera
666 2807 1080 2869 circumcidunt
1109 2808 1188 2870 acl
1224 2811 1388 2871 vivas
1419 2805 1604 2890 usque
1652 2827 1850 2892 partes
