2000 3600
406 231 413 235 ’
464 212 1434 311 ‘H1sron.1„ib.xxvl1.,
1489 255 1570 331 57

199 349 586 415 monstrando
638 352 949 439 ‚quomodo
996 370 1280 414 venenata
1342 364 1582 436 quoque

197 433 325 516 ipsa
343 432 692 495 sanarentur.
714 432 1075 514 Torpescunt
1093 433 1426 517 scorpiones
1446 452 1580 495 aco·

198 516 312 574 niti
352 513 545 588 tactu,
582 513 925 609 stupentque
961 514 1272 594 pallentes,
1307 516 1373 576 &
1411 514 1575 575 vinci

197 594 267 655 se
290 593 670 657 confitentur.
700 592 1024 655 Auxiliatur
1040 595 1129 655 his
1148 593 1473 657 elleborum
1492 595 1574 654 al*-

195 676 353 736 bum
375 720 395 749 ,
424 674 575 737 tastu
626 673 954 736 resolvente
998 697 1015 736 t
1067 675 1335 771 ceditque
1375 677 1571 737 aconi-

199 757 341 816 tum
376 755 608 816 duobus
642 753 844 828 maiia,
876 754 980 815 suo
1007 756 1073 816 &
1094 776 1377 816 ommum.
1409 754 1569 836 Quae

200 838 260 896 si
296 837 430 974 H-uis
456 836 578 896 ullo
600 834 752 896 forte
777 835 850 895 ab
870 835 1108 896 homine
1131 839 1570 918 excogitat-ipo·-

199 916 296 976 tui
346 935 383 973 e
417 916 870 999 credin-ingrate
908 915 1155 976 deorum
1197 936 1438 976 munera
1482 918 1572 975 in·

204 994 445 1077 telligit.
485 994 762 1078 Tangunt
802 1015 1000 1055 carnes
1044 998 1274 1056 aconito
1297 1040 1317 1069 ,
1345 1014 1572 1056 necant-

206 1096 337 1157 que
372 1074 590 1157 gustatu
616 1096 811 1135 earum
845 1075 1180 1156 pantheras:
1208 1078 1318 1139 uisi
1335 1077 1446 1136 hoc
1465 1075 1571 1137 fie-

212 1172 348 1227 ret,
385 1156 698 1237 repleturas
734 1157 868 1217 illos
906 1158 1063 1216 situs.
1101 1155 1204 1218 Ob
1244 1156 1308 1217 id
1339 1156 1573 1239 quidam

259 1236 644 1299 ardalianches
680 1236 1068 1318 appellavere.
1098 1236 1181 1298 At
1208 1237 1333 1297 illas
1379 1237 1571 1299 statim
1653 1256 1660 1263 ’

234 1318 447 1377 ‘bet-ari
498 1334 724 1389 morte,
767 1335 1267 1378 excrementorum
1309 1317 1573 1380 «hominis

210 1395 427 1482 gustu‚'
460 1395 929 1458 demonstratum.
954 1396 1143 1476 Quod
1160 1398 1316 1458 certe
1336 1396 1466 1459 casu
1485 1419 1576 1460 re-

206 1494 451 1560 pertum
487 1481 614 1560 quis
641 1478 905 1551 dubitet?
941 1478 1007 1538 &
1028 1482 1252 1559 quoties
1273 1477 1372 1538 fiat
1396 1481 1573 1541 etiam

210 1578 375 1622 nunc
414 1575 479 1620 ut
514 1579 735 1618 novum
768 1557 961 1618 nasci?
979 1560 1252 1640 quoniam
1271 1558 1407 1619 feris
1426 1561 1577 1621 ratio

210 1643 286 1704 δι
321 1640 453 1702 usus
484 1640 638 1699 inter
673 1637 730 1699 se
770 1639 920 1700 tradi
956 1658 1079 1699 non
1154 1641 1315 1703 ossit.

305 1742 362 1806 3.
401 1719 518 1789 Hic
551 1740 692 1804 ergo
724 1718 912 1794 casus,
934 1719 1030 1779 hic
1051 1662 1152 1781 είξ
1158 1720 1291 1791 ille,
1363 1720 1423 1780 ui
1449 1719 1579 1801 plu-

212 1805 367 1864 rima
396 1803 458 1860 in
501 1801 621 1863 vita
658 1804 879 1863 invenit
916 1800 1081 1860 deus».
1116 1801 1256 1860 Hoc
1276 1802 1351 1858 ha
1394 1815 1452 1859 et
1471 1819 1584 1859 no·

217 1905 362 1946 men
384 1927 404 1957 ,
443 1902 546 1962 per
571 1902 748 1963 quem
782 1880 1119 1960 intelligitur
1155 1879 1360 1940 eadem
1387 1881 1455 1941 δι
1479 1900 1582 1962 pa-

214 1984 359 2026 rens
388 1982 576 2023 rerum
613 1964 881 2022 omnium
923 1960 991 2022 δι
1031 1958 1289 2043 magistra
1343 1977 1538 2023 natura
1559 2004 1582 2035 ,

215 2045 352 2105 utra
397 2063 468 2103 ue
505 2040 833 2122 conjefiura
866 2041 987 2125 pari
1009 2084 1029 2113 ,
1069 2042 1195 2103 sive
1245 2040 1348 2103 ista
1385 2044 1585 2124 quoti-

216 2126 318 2190 die
355 2064 512 2184 ἕρπεις
550 2125 811 2183 invenire
831 2166 851 2195 ,
890 2124 1017 2183 sive
1059 2120 1294 2204 semper·
1327 2121 1467 2184 scire
1495 2122 1587 2203 ju·

216 2206 504 2266 dicemus.
525 2202 1198 2284 pudendumque,rurffis
1212 2249 1232 2278 ,
1255 2205 1452 2277 omnia
1469 2204 1587 2262 ani-

218 2287 423 2358 malia,
438 2306 575 2366 quae
608 2287 718 2345 siut
748 2283 1004 2345 salutaria
1019 2287 1156 2366 ipsis
1173 2330 1196 2359 ,
1219 2282 1380 2345 noss'e
1400 2329 1419 2359 ‚
1443 2304 1587 2365 prae-

216 2383 309 2427 ter
343 2367 666 2426 hominem.
692 2362 808 2426 Sed
836 2363 1084 2444 majores
1108 2365 1407 2426 oculorum
1434 2383 1589 2501 (Ρω-

221 2468 340 2529 que
372 2446 810 2506 medicamentis
848 2448 1141 2506 aconitum
1185 2444 1409 2506 misceri
1473 2445 1570 2516 alu·

221 2527 474 2590 bet-rime
509 2521 987 2608 promulgavere,
1009 2549 1042 2585 a
1085 2528 1205 2586 etta
1227 2524 1594 2606 professione

226 2607 448 2667 malum
469 2607 714 2688 quidem
743 2606 963 2665 nullum
982 2626 1015 2663 e
1062 2626 1094 2663 e
1128 2610 1248 2663 sine
1271 2604 1469 2682 aliquo
1489 2601 1598 2662 ho·

224 2709 327 2749 no.
350 2687 474 2748 Fas
512 2706 662 2768 ergo
696 2685 865 2743 nobis
887 2686 995 2761 erjt
1016 2729 1035 2756 ,
1063 2685 1159 2765 qui
1181 2682 1339 2746 nulla
1356 2684 1603 2744 diximus

216 2785 465 2842 *venena
478 2812 496 2841 ‚
527 2763 847 2831 monstrare
868 2765 1052 2852 quale
1062 2767 1131 2828 sit
1147 2768 1438 2909 aeecnzxitum
1460 2809 1480 2841 ,
1501 2766 1604 2830 vel
1621 2797 1638 2818 ι

1309 2869 1353 2914 ,Υ
