2000 3600
446 236 597 325 '244
700 230 772 304 C.
801 232 1190 333 ,Ριιινιι
1240 233 1380 303 ΝΑ
1404 249 1615 306 run.

448 369 512 417 te
570 350 760 414 nostra
801 353 1074 434 princeps
1138 349 1304 414 Nero
1361 373 1514 415 vana
1559 349 1795 436 falsaque

449 455 585 497 com
627 435 731 494 erit
760 454 777 492 ε
813 436 1032 515 quippe
1070 454 1190 493 non
1222 433 1455 495 citharae
1499 437 1796 518 tragicique

448 536 515 581 ca
619 535 645 574 s
678 513 862 574 libido
902 514 986 573 illi
1019 511 1207 595 major
1257 513 1366 576 fuit
1386 559 1406 589 ,
1452 514 1674 576 fortuna
1717 535 1796 576 re·

446 615 576 665 rum
600 595 981 659 humanarum
1019 593 1240 655 summa
1278 592 1557 698 gestiente
1578 599 1635 656 in
1659 607 1798 677 prod

441 673 638 737 fundis
688 677 869 736 animi
914 677 1093 740 vitiis.
1114 675 1490 759 Primumque
1527 679 1796 759 imperare

440 755 555 823 diis
581 757 953 840 concupivit,
985 778 1096 818 nec
1134 758 1448 840 quidquam
1474 760 1789 840 generosius

450 838 662 900 valuit.
702 836 901 900 Nemo
941 859 1217 921 umquam
1270 838 1372 898 ulli
1422 842 1636 899 artium
1664 838 1796 899 vali-

453 914 589 979 dius
609 917 775 981 savit.
811 917 912 982 Ad
946 919 1105 993 haec,
1135 938 1255 978 non
1290 938 1442 1000 opes
1466 922 1521 981 ei
1542 918 1795 994 defuere3

450 1019 579 1077 non
601 1001 759 1062 vires
781 1043 804 1073 ‚
818 1020 940 1061 non
957 999 1223 1060 discentis
1243 1001 1537 1083 ingenium
1554 1045 1572 1074 ,
1597 1001 1697 1061 alia
1733 1019 1797 1062 ue

456 1102 583 1143 non
607 1084 862 1171 patiente
882 1081 1121 1142 mundo.
1163 1079 1516 1142 Immensum
1550 1084 1615 1144 &
1643 1021 1799 1142 inilia-

457 1163 704 1223 bitatum
740 1162 1076 1243 exemplum
1114 1160 1197 1222 est
1226 1160 1377 1223 falsae
1416 1165 1550 1224 artis
1577 1207 1597 1238 ‚
1638 1181 1803 1246 quam

461 1242 775 1323 dereliquit
815 1241 875 1302 N
879 1264 981 1303 ero
1019 1266 1034 1304 ε
1075 1244 1410 1326 utinamque
1460 1243 1670 1305 inferos
1702 1264 1803 1326 po-

456 1325 573 1384 tius
613 1324 682 1385 &
722 1321 1116 1406 quoscumque
1153 1324 1228 1385 de
1267 1323 1672 1407 suspicionibus
1705 1323 1800 1385 suis

456 1401 607 1464 deos
642 1401 1004 1487 consuluiffet
1021 1449 1040 1479 ,
1065 1403 1243 1486 quam
1263 1404 1627 1487 lupanaribus
1647 1423 1803 1488 atque

509 1482 781 1545 restitutis
797 1484 1109 1547 mandasset
1126 1488 1522 1568 inquisitiones
1544 1508 1639 1548 eas
1660 1509 1674 1548 ε
1695 1484 1807 1547 nul-

460 1504 521 1626 fa
557 1564 820 1649 professb
841 1565 1045 1643 sacra,
1070 1567 1295 1628 barbari
1329 1569 1466 1629 licet
1501 1567 1719 1652 ferique
1735 1569 1808 1628 ri-

459 1645 555 1707 tus
571 1692 589 1717 ,
611 1668 732 1708 non
772 1649 1034 1723 mitiora,
1057 1648 1233 1730 quam
1267 1651 1646 1732 cogitationes
1665 1648 1810 1732 ejus‚'

465 1726 712 1795 fuissent.
756 1727 977 1792 Saevius
1008 1732 1088 1791 sic
1123 1751 1231 1791 nos
1263 1731 1509 1815 replevit
1548 1733 1775 1792 umbris.

485 1859 492 1864 .
549 1809 663 1872 VI.
687 1809 830 1874 Sunt
863 1813 1129 1895 quaedam
1160 1815 1338 1897 magis
1362 1812 1525 1895 perfu
1569 1817 1647 1887 ia,
1666 1812 1813 1876 velus

465 1891 518 1953 ti
553 1892 889 1975 lentiginem
915 1894 1255 1956 habentibus
1289 1915 1408 1954 non
1444 1895 1526 1957 ob
1554 1897 1687 1978 equi
1722 1914 1814 1954 nu·

466 1973 661 2047 mina,
691 1992 790 2035 aut
822 1978 1003 2037 cerni.
1035 1974 1251 2039 Obstet
1273 1974 1425 2037 forte
1444 1977 1560 2037 hoe
1586 1980 1644 2037 in
1677 1976 1771 2036 illo
1787 1974 1819 2037 i*-

465 2048 638 2114 Nihil
678 2055 955 2116 membris
993 2055 1202 2121 defuit.
1246 2057 1403 2120 Nam
1445 2057 1569 2119 dies
1619 2057 1817 2140 eligere

465 2147 670 2193 certos
682 2134 930 2194 liberum
958 2153 1113 2198 erat:
1152 2138 1406 2219 pecudes
1424 2140 1606 2212 verb,
1625 2138 1817 2223 quibus

467 2230 592 2273 non
631 2214 739 2273 nisi
776 2231 901 2275 ater
941 2216 1108 2278 colos
1136 2218 1312 2293 esset,
1344 2218 1532 2282 facile.
1553 2220 1708 2282 Nam
1723 2219 1821 2280 ho-

468 2294 658 2355 mines
693 2295 997 2359 immolare
1036 2301 1212 2361 etiam
1248 2304 1649 2383 gratissimum.
1694 2297 1819 2361 Ma-

470 2394 580 2458 gus
612 2376 688 2436 ad
727 2397 868 2438 eum
895 2376 1187 2442 Tiridates
1213 2401 1457 2443 venerat
1476 2428 1497 2457 ‚
1528 2383 1821 2444 Armenia&

467 2476 606 2518 cum
640 2456 714 2519 de
750 2457 810 2521 se
842 2461 1201 2543 triumphum
1238 2463 1505 2526 adferens
1531 2509 1552 2537 ,
1599 2465 1665 2526 &
1690 2462 1823 2524 ideo

468 2538 791 2620 provinciis
812 2544 1027 2624 gravis.
1042 2541 1349 2627 -Navigare
1376 2546 1674 2616 noluerat,
1695 2564 1825 2627 quo-

465 2620 626 2713 niam
664 2619 938 2704 exspuere
971 2625 1034 2685 in
1070 2625 1248 2687 maria
1266 2670 1291 2697 ‚
1325 2626 1558 2711 aliisque
1610 2641 1826 2687 morta·

461 2697 609 2760 Imm
647 2706 1082 2767 necessitatibus
1124 2707 1347 2768 violare
1398 2726 1662 2769 naturam
1703 2722 1825 2769 eam

463 2776 551 2838 fas
589 2800 711 2841 non
735 2799 972 2866 putant.
1009 2786 1224 2872 Magus
1263 2786 1460 2857 secum
1492 2789 1829 2861 adduxerau
