<?xml version="1.0" encoding="UTF-8"?>
<!DOCTYPE html PUBLIC "-//W3C//DTD XHTML 1.0 Transitional//EN"
    "http://www.w3.org/TR/xhtml1/DTD/xhtml1-transitional.dtd">
<html xmlns="http://www.w3.org/1999/xhtml" xml:lang="en" lang="en">
 <head>
  <title>
</title>
<meta http-equiv="Content-Type" content="text/html;charset=utf-8" />
  <meta name='ocr-system' content='tesseract 3.04.00' />
  <meta name='ocr-capabilities' content='ocr_page ocr_carea ocr_par ocr_line ocrx_word'/>
</head>
<body>
  <div class='ocr_page' id='page_1' title='image "./caiipliniisecun04unkngoog_0184.png"; bbox 0 0 2000 3600; ppageno 0'>
   <div class='ocr_carea' id='block_1_1' title="bbox 448 265 1633 375">
    <p class='ocr_par' dir='ltr' id='par_1_1' title="bbox 448 265 1633 375">
     <span class='ocr_line' id='line_1_1' title="bbox 448 265 1633 375; baseline -0.004 -21"><span class='ocrx_word' id='word_1_1' title='bbox 448 265 619 375; x_wconf 73' lang='lat' dir='ltr'>·r76</span> <span class='ocrx_word' id='word_1_2' title='bbox 717 282 798 353; x_wconf 75' lang='grc'>6.</span> <span class='ocrx_word' id='word_1_3' title='bbox 845 279 1202 356; x_wconf 68' lang='grc' dir='ltr'><em>ΡῑιΜιι</em></span> <span class='ocrx_word' id='word_1_4' title='bbox 1248 280 1633 349; x_wconf 73' lang='grc' dir='ltr'>ΝΑτυιτ.</span> 
     </span>
    </p>
   </div>
   <div class='ocr_carea' id='block_1_2' title="bbox 424 393 1851 2810">
    <p class='ocr_par' dir='ltr' id='par_1_2' title="bbox 456 393 1848 1264">
     <span class='ocr_line' id='line_1_2' title="bbox 456 393 1848 477; baseline -0.004 -14"><span class='ocrx_word' id='word_1_5' title='bbox 456 398 671 463; x_wconf 66' lang='lat' dir='ltr'>&#39;omnia</span> <span class='ocrx_word' id='word_1_6' title='bbox 712 399 1091 470; x_wconf 84' lang='lat' dir='ltr'>inflammata,</span> <span class='ocrx_word' id='word_1_7' title='bbox 1127 397 1196 459; x_wconf 72' lang='grc' dir='ltr'>δι</span> <span class='ocrx_word' id='word_1_8' title='bbox 1237 395 1335 477; x_wconf 89' lang='lat' dir='ltr'>sup</span> <span class='ocrx_word' id='word_1_9' title='bbox 1378 393 1848 459; x_wconf 73' lang='lat' dir='ltr'>arationes.Se&lt;r</span> 
     </span>
     <span class='ocr_line' id='line_1_3' title="bbox 477 476 1838 565; baseline -0.002 -24"><span class='ocrx_word' id='word_1_10' title='bbox 477 481 796 565; x_wconf 83' lang='lat' dir='ltr'>podagricis</span> <span class='ocrx_word' id='word_1_11' title='bbox 820 476 1054 560; x_wconf 84' lang='lat' dir='ltr'>prodest</span> <span class='ocrx_word' id='word_1_12' title='bbox 1077 480 1140 540; x_wconf 72' lang='grc' dir='ltr'>ὃ(</span> <span class='ocrx_word' id='word_1_13' title='bbox 1157 480 1334 537; x_wconf 85' lang='lat' dir='ltr'>articu</span> <span class='ocrx_word' id='word_1_14' title='bbox 1359 479 1488 537; x_wconf 91' lang='lat' dir='ltr'>ariis</span> <span class='ocrx_word' id='word_1_15' title='bbox 1517 478 1724 537; x_wconf 86' lang='lat' dir='ltr'>morbis</span> <span class='ocrx_word' id='word_1_16' title='bbox 1744 522 1766 551; x_wconf 87' lang='lat'><strong>,</strong></span> <span class='ocrx_word' id='word_1_17' title='bbox 1796 498 1838 538; x_wconf 81' lang='lat' dir='ltr'>e</span> 
     </span>
     <span class='ocr_line' id='line_1_4' title="bbox 476 557 1844 640; baseline -0.007 -18"><span class='ocrx_word' id='word_1_18' title='bbox 476 561 724 622; x_wconf 86' lang='lat' dir='ltr'>maribus</span> <span class='ocrx_word' id='word_1_19' title='bbox 757 558 1045 640; x_wconf 70' lang='lat' dir='ltr'>praecipue</span> <span class='ocrx_word' id='word_1_20' title='bbox 1082 557 1295 620; x_wconf 85' lang='lat' dir='ltr'>vitulis.</span> <span class='ocrx_word' id='word_1_21' title='bbox 1321 557 1706 618; x_wconf 83' lang='lat' dir='ltr'>Articulorum</span> <span class='ocrx_word' id='word_1_22' title='bbox 1727 558 1844 617; x_wconf 62' lang='lat' dir='ltr'>ad·-</span> 
     </span>
     <span class='ocr_line' id='line_1_5' title="bbox 476 635 1840 721; baseline -0.003 -20"><span class='ocrx_word' id='word_1_23' title='bbox 476 642 619 701; x_wconf 85' lang='lat' dir='ltr'>tritis</span> <span class='ocrx_word' id='word_1_24' title='bbox 658 686 683 715; x_wconf 85' lang='lat'><strong><em>‚</em></strong></span> <span class='ocrx_word' id='word_1_25' title='bbox 712 638 800 700; x_wconf 86' lang='lat' dir='ltr'>fel</span> <span class='ocrx_word' id='word_1_26' title='bbox 826 660 1097 721; x_wconf 89' lang='lat' dir='ltr'>aprorum</span> <span class='ocrx_word' id='word_1_27' title='bbox 1137 638 1248 700; x_wconf 74' lang='lat' dir='ltr'>vel</span> <span class='ocrx_word' id='word_1_28' title='bbox 1274 635 1435 698; x_wconf 88' lang='lat' dir='ltr'>snum</span> <span class='ocrx_word' id='word_1_29' title='bbox 1461 682 1480 711; x_wconf 96' lang='lat'>,</span> <span class='ocrx_word' id='word_1_30' title='bbox 1512 638 1685 699; x_wconf 85' lang='lat' dir='ltr'>linteo</span> <span class='ocrx_word' id='word_1_31' title='bbox 1715 638 1840 698; x_wconf 67' lang='lat' dir='ltr'>cale</span> 
     </span>
     <span class='ocr_line' id='line_1_6' title="bbox 474 717 1841 802; baseline -0.004 -19"><span class='ocrx_word' id='word_1_32' title='bbox 474 719 623 783; x_wconf 58' lang='lat' dir='ltr'>facto</span> <span class='ocrx_word' id='word_1_33' title='bbox 679 721 1016 802; x_wconf 88' lang='lat' dir='ltr'>impositum</span> <span class='ocrx_word' id='word_1_34' title='bbox 1059 743 1073 780; x_wconf 77' lang='lat' dir='ltr'><em>z</em></span> <span class='ocrx_word' id='word_1_35' title='bbox 1116 717 1395 800; x_wconf 80' lang='lat' dir='ltr'>vitulique</span> <span class='ocrx_word' id='word_1_36' title='bbox 1431 721 1531 799; x_wconf 87' lang='lat' dir='ltr'>qui</span> <span class='ocrx_word' id='word_1_37' title='bbox 1575 719 1841 780; x_wconf 86' lang='lat' dir='ltr'>nondum</span> 
     </span>
     <span class='ocr_line' id='line_1_7' title="bbox 477 796 1838 880; baseline -0.003 -18"><span class='ocrx_word' id='word_1_38' title='bbox 477 797 719 862; x_wconf 85' lang='lat' dir='ltr'>herbam</span> <span class='ocrx_word' id='word_1_39' title='bbox 781 799 1082 872; x_wconf 87' lang='lat' dir='ltr'>ustaverit‚</span> <span class='ocrx_word' id='word_1_40' title='bbox 1106 796 1305 878; x_wconf 83' lang='lat' dir='ltr'>fimum</span> <span class='ocrx_word' id='word_1_41' title='bbox 1336 820 1350 857; x_wconf 78' lang='lat' dir='ltr'><strong><em>z</em></strong></span> <span class='ocrx_word' id='word_1_42' title='bbox 1378 801 1517 859; x_wconf 86' lang='lat' dir='ltr'>item</span> <span class='ocrx_word' id='word_1_43' title='bbox 1541 801 1838 880; x_wconf 87' lang='lat' dir='ltr'>caprinum</span> 
     </span>
     <span class='ocr_line' id='line_1_8' title="bbox 483 877 1841 961; baseline -0.003 -19"><span class='ocrx_word' id='word_1_44' title='bbox 483 902 617 953; x_wconf 79' lang='lat' dir='ltr'>cum</span> <span class='ocrx_word' id='word_1_45' title='bbox 638 902 732 943; x_wconf 87' lang='lat' dir='ltr'>me</span> <span class='ocrx_word' id='word_1_46' title='bbox 779 901 811 941; x_wconf 87' lang='lat' dir='ltr'>e</span> <span class='ocrx_word' id='word_1_47' title='bbox 839 884 896 941; x_wconf 91' lang='lat' dir='ltr'>in</span> <span class='ocrx_word' id='word_1_48' title='bbox 916 898 1084 941; x_wconf 87' lang='lat' dir='ltr'>aceto</span> <span class='ocrx_word' id='word_1_49' title='bbox 1122 877 1444 940; x_wconf 60' lang='lat' dir='ltr'>decoctum.</span> <span class='ocrx_word' id='word_1_50' title='bbox 1462 878 1698 961; x_wconf 87' lang='lat' dir='ltr'>Ungues</span> <span class='ocrx_word' id='word_1_51' title='bbox 1717 877 1841 938; x_wconf 80' lang='lat' dir='ltr'>sca.-</span> 
     </span>
     <span class='ocr_line' id='line_1_9' title="bbox 483 958 1842 1041; baseline -0.003 -18"><span class='ocrx_word' id='word_1_52' title='bbox 483 963 626 1024; x_wconf 86' lang='lat' dir='ltr'>bros</span> <span class='ocrx_word' id='word_1_53' title='bbox 660 961 869 1023; x_wconf 77' lang='lat' dir='ltr'>sevum.</span> <span class='ocrx_word' id='word_1_54' title='bbox 897 961 1066 1020; x_wconf 82' lang='lat' dir='ltr'>vituli</span> <span class='ocrx_word' id='word_1_55' title='bbox 1100 958 1413 1020; x_wconf 83' lang='lat' dir='ltr'>emendat:</span> <span class='ocrx_word' id='word_1_56' title='bbox 1457 960 1597 1018; x_wconf 89' lang='lat' dir='ltr'>item</span> <span class='ocrx_word' id='word_1_57' title='bbox 1642 960 1842 1041; x_wconf 88' lang='lat' dir='ltr'>capri·</span> 
     </span>
     <span class='ocr_line' id='line_1_10' title="bbox 485 1038 1841 1104; baseline -0.003 0"><span class='ocrx_word' id='word_1_58' title='bbox 485 1063 627 1104; x_wconf 86' lang='lat' dir='ltr'>num</span> <span class='ocrx_word' id='word_1_59' title='bbox 667 1041 919 1103; x_wconf 60' lang='lat' dir='ltr'>admixta</span> <span class='ocrx_word' id='word_1_60' title='bbox 965 1039 1320 1100; x_wconf 66' lang='lat' dir='ltr'>sandaracha.</span> <span class='ocrx_word' id='word_1_61' title='bbox 1364 1038 1649 1100; x_wconf 88' lang='lat' dir='ltr'>Verrucas</span> <span class='ocrx_word' id='word_1_62' title='bbox 1687 1042 1841 1100; x_wconf 77' lang='lat' dir='ltr'>verb</span> 
     </span>
     <span class='ocr_line' id='line_1_11' title="bbox 485 1120 1845 1185; baseline -0.004 -1"><span class='ocrx_word' id='word_1_63' title='bbox 485 1122 674 1185; x_wconf 84' lang='lat' dir='ltr'>aufert</span> <span class='ocrx_word' id='word_1_64' title='bbox 715 1122 937 1185; x_wconf 81' lang='lat' dir='ltr'>vitulini</span> <span class='ocrx_word' id='word_1_65' title='bbox 976 1120 1100 1181; x_wconf 88' lang='lat' dir='ltr'>fimi</span> <span class='ocrx_word' id='word_1_66' title='bbox 1140 1122 1281 1180; x_wconf 89' lang='lat' dir='ltr'>cinis</span> <span class='ocrx_word' id='word_1_67' title='bbox 1322 1139 1395 1180; x_wconf 84' lang='lat' dir='ltr'>ex</span> <span class='ocrx_word' id='word_1_68' title='bbox 1431 1137 1597 1180; x_wconf 86' lang='lat' dir='ltr'>aceto</span> <span class='ocrx_word' id='word_1_69' title='bbox 1636 1123 1654 1182; x_wconf 70' lang='grc' dir='ltr'>ι’</span> <span class='ocrx_word' id='word_1_70' title='bbox 1693 1121 1845 1180; x_wconf 86' lang='lat' dir='ltr'>asini</span> 
     </span>
     <span class='ocr_line' id='line_1_12' title="bbox 482 1201 896 1264; baseline -0.007 0"><span class='ocrx_word' id='word_1_71' title='bbox 482 1206 660 1264; x_wconf 83' lang='lat' dir='ltr'>urinae</span> <span class='ocrx_word' id='word_1_72' title='bbox 694 1201 896 1261; x_wconf 90' lang='lat' dir='ltr'>lutum.</span> 
     </span>
    </p>

    <p class='ocr_par' dir='ltr' id='par_1_3' title="bbox 424 1279 1851 2810">
     <span class='ocr_line' id='line_1_13' title="bbox 567 1279 1842 1342; baseline 0 0"><span class='ocrx_word' id='word_1_73' title='bbox 567 1280 778 1342; x_wconf 90' lang='lat' dir='ltr'><strong>LXIII.</strong></span> <span class='ocrx_word' id='word_1_74' title='bbox 817 1280 1115 1342; x_wconf 84' lang='lat' dir='ltr'>Comitiali</span> <span class='ocrx_word' id='word_1_75' title='bbox 1154 1282 1364 1341; x_wconf 89' lang='lat' dir='ltr'>morbo</span> <span class='ocrx_word' id='word_1_76' title='bbox 1403 1279 1575 1341; x_wconf 87' lang='lat' dir='ltr'>testes</span> <span class='ocrx_word' id='word_1_77' title='bbox 1611 1281 1842 1342; x_wconf 88' lang='lat' dir='ltr'>ursinos</span> 
     </span>
     <span class='ocr_line' id='line_1_14' title="bbox 489 1358 1843 1444; baseline -0.002 -21"><span class='ocrx_word' id='word_1_78' title='bbox 489 1360 663 1423; x_wconf 83' lang='lat' dir='ltr'>edisse</span> <span class='ocrx_word' id='word_1_79' title='bbox 701 1358 969 1442; x_wconf 88' lang='lat' dir='ltr'>prodest,</span> <span class='ocrx_word' id='word_1_80' title='bbox 1000 1361 1101 1421; x_wconf 87' lang='lat' dir='ltr'>vel</span> <span class='ocrx_word' id='word_1_81' title='bbox 1135 1359 1609 1444; x_wconf 73' lang='lat' dir='ltr'>&#39;aprinosbibiss&#39;e</span> <span class='ocrx_word' id='word_1_82' title='bbox 1649 1382 1724 1421; x_wconf 84' lang='lat' dir='ltr'>ex</span> <span class='ocrx_word' id='word_1_83' title='bbox 1765 1361 1843 1421; x_wconf 76' lang='lat' dir='ltr'>la-</span> 
     </span>
     <span class='ocr_line' id='line_1_15' title="bbox 488 1441 1845 1524; baseline -0.001 -21"><span class='ocrx_word' id='word_1_84' title='bbox 488 1441 575 1503; x_wconf 68' lang='lat' dir='ltr'>&amp;e</span> <span class='ocrx_word' id='word_1_85' title='bbox 612 1445 824 1524; x_wconf 90' lang='lat' dir='ltr'>equino</span> <span class='ocrx_word' id='word_1_86' title='bbox 852 1458 949 1503; x_wconf 85' lang='lat' dir='ltr'>aut</span> <span class='ocrx_word' id='word_1_87' title='bbox 984 1462 1063 1502; x_wconf 80' lang='lat' dir='ltr'>ex</span> <span class='ocrx_word' id='word_1_88' title='bbox 1083 1443 1267 1523; x_wconf 59' lang='lat' dir='ltr'>aqua:</span> <span class='ocrx_word' id='word_1_89' title='bbox 1296 1444 1438 1502; x_wconf 88' lang='lat' dir='ltr'>item</span> <span class='ocrx_word' id='word_1_90' title='bbox 1461 1444 1716 1523; x_wconf 84' lang='lat' dir='ltr'>aprinam</span> <span class='ocrx_word' id='word_1_91' title='bbox 1736 1443 1845 1501; x_wconf 83' lang='lat' dir='ltr'>uri.-</span> 
     </span>
     <span class='ocr_line' id='line_1_16' title="bbox 488 1520 1844 1603; baseline 0 -21"><span class='ocrx_word' id='word_1_92' title='bbox 488 1542 624 1583; x_wconf 87' lang='lat' dir='ltr'>nam</span> <span class='ocrx_word' id='word_1_93' title='bbox 661 1543 733 1583; x_wconf 84' lang='lat' dir='ltr'>ex</span> <span class='ocrx_word' id='word_1_94' title='bbox 757 1538 924 1602; x_wconf 84' lang='lat' dir='ltr'>aceto</span> <span class='ocrx_word' id='word_1_95' title='bbox 956 1520 1141 1583; x_wconf 88' lang='lat' dir='ltr'>mulso</span> <span class='ocrx_word' id='word_1_96' title='bbox 1169 1545 1184 1584; x_wconf 75' lang='grc' dir='ltr'><strong><em>ε</em></strong></span> <span class='ocrx_word' id='word_1_97' title='bbox 1219 1520 1538 1595; x_wconf 70' lang='lat' dir='ltr'>efficacius,</span> <span class='ocrx_word' id='word_1_98' title='bbox 1567 1543 1696 1603; x_wconf 82' lang='lat' dir='ltr'>quae</span> <span class='ocrx_word' id='word_1_99' title='bbox 1717 1522 1844 1582; x_wconf 78' lang='lat' dir='ltr'>ina.-</span> 
     </span>
     <span class='ocr_line' id='line_1_17' title="bbox 484 1601 1846 1664; baseline 0 -2"><span class='ocrx_word' id='word_1_100' title='bbox 484 1605 663 1663; x_wconf 79' lang='lat' dir='ltr'>tuerit</span> <span class='ocrx_word' id='word_1_101' title='bbox 697 1605 759 1662; x_wconf 88' lang='lat' dir='ltr'>in</span> <span class='ocrx_word' id='word_1_102' title='bbox 797 1603 997 1664; x_wconf 69' lang='grc' dir='ltr'>νεεὶεὲι</span> <span class='ocrx_word' id='word_1_103' title='bbox 1035 1601 1151 1662; x_wconf 57' lang='lat' dir='ltr'>sua.</span> <span class='ocrx_word' id='word_1_104' title='bbox 1194 1601 1424 1663; x_wconf 87' lang='lat' dir='ltr'>Dantur</span> <span class='ocrx_word' id='word_1_105' title='bbox 1460 1604 1524 1663; x_wconf 89' lang='lat'>&amp;</span> <span class='ocrx_word' id='word_1_106' title='bbox 1558 1601 1720 1663; x_wconf 83' lang='lat' dir='ltr'>suum</span> <span class='ocrx_word' id='word_1_107' title='bbox 1756 1620 1846 1663; x_wconf 85' lang='lat' dir='ltr'>te-</span> 
     </span>
     <span class='ocr_line' id='line_1_18' title="bbox 490 1681 1847 1765; baseline -0.002 -19"><span class='ocrx_word' id='word_1_108' title='bbox 490 1681 667 1746; x_wconf 87' lang='lat' dir='ltr'>sticuli</span> <span class='ocrx_word' id='word_1_109' title='bbox 686 1685 991 1746; x_wconf 78' lang='lat' dir='ltr'>inveterati</span> <span class='ocrx_word' id='word_1_110' title='bbox 1015 1684 1245 1763; x_wconf 85' lang='lat' dir='ltr'>tritique</span> <span class='ocrx_word' id='word_1_111' title='bbox 1268 1685 1327 1743; x_wconf 90' lang='lat' dir='ltr'>in</span> <span class='ocrx_word' id='word_1_112' title='bbox 1357 1681 1465 1742; x_wconf 91' lang='lat' dir='ltr'>suis</span> <span class='ocrx_word' id='word_1_113' title='bbox 1499 1681 1672 1755; x_wconf 54' lang='lat' dir='ltr'>labie,</span> <span class='ocrx_word' id='word_1_114' title='bbox 1696 1704 1847 1765; x_wconf 82' lang='lat' dir='ltr'>prae-</span> 
     </span>
     <span class='ocr_line' id='line_1_19' title="bbox 424 1761 1847 1845; baseline -0.001 -19"><span class='ocrx_word' id='word_1_115' title='bbox 424 1804 427 1805; x_wconf 27' lang='grc' dir='ltr'><em>ν</em></span> <span class='ocrx_word' id='word_1_116' title='bbox 490 1763 739 1827; x_wconf 83' lang='lat' dir='ltr'>cedente</span> <span class='ocrx_word' id='word_1_117' title='bbox 774 1765 894 1827; x_wconf 84' lang='lat' dir='ltr'>vini</span> <span class='ocrx_word' id='word_1_118' title='bbox 917 1761 1255 1826; x_wconf 63' lang='lat' dir='ltr'>abstinentia</span> <span class='ocrx_word' id='word_1_119' title='bbox 1273 1808 1292 1837; x_wconf 96' lang='lat'>,</span> <span class='ocrx_word' id='word_1_120' title='bbox 1318 1763 1383 1826; x_wconf 87' lang='lat'>&amp;</span> <span class='ocrx_word' id='word_1_121' title='bbox 1404 1761 1676 1845; x_wconf 89' lang='lat' dir='ltr'>sequente</span> <span class='ocrx_word' id='word_1_122' title='bbox 1701 1784 1847 1825; x_wconf 88' lang='lat' dir='ltr'>con·</span> 
     </span>
     <span class='ocr_line' id='line_1_20' title="bbox 491 1843 1849 1925; baseline 0.001 -19"><span class='ocrx_word' id='word_1_123' title='bbox 491 1846 663 1906; x_wconf 87' lang='lat' dir='ltr'>tinuis</span> <span class='ocrx_word' id='word_1_124' title='bbox 705 1846 926 1907; x_wconf 79' lang='lat' dir='ltr'>diebus.</span> <span class='ocrx_word' id='word_1_125' title='bbox 963 1844 1193 1906; x_wconf 88' lang='lat' dir='ltr'>Dantur</span> <span class='ocrx_word' id='word_1_126' title='bbox 1231 1846 1296 1907; x_wconf 86' lang='lat'>&amp;</span> <span class='ocrx_word' id='word_1_127' title='bbox 1331 1844 1547 1925; x_wconf 89' lang='lat' dir='ltr'>leporis</span> <span class='ocrx_word' id='word_1_128' title='bbox 1592 1843 1707 1905; x_wconf 86' lang='lat' dir='ltr'>sale</span> <span class='ocrx_word' id='word_1_129' title='bbox 1750 1865 1849 1907; x_wconf 79' lang='lat' dir='ltr'>cu-</span> 
     </span>
     <span class='ocr_line' id='line_1_21' title="bbox 492 1922 1849 2008; baseline 0.001 -22"><span class='ocrx_word' id='word_1_130' title='bbox 492 1922 688 1986; x_wconf 89' lang='lat' dir='ltr'>stoditi</span> <span class='ocrx_word' id='word_1_131' title='bbox 722 1926 1027 2008; x_wconf 87' lang='lat' dir='ltr'>pulmones</span> <span class='ocrx_word' id='word_1_132' title='bbox 1051 1972 1070 2000; x_wconf 90' lang='lat'>‚</span> <span class='ocrx_word' id='word_1_133' title='bbox 1108 1945 1240 1986; x_wconf 86' lang='lat' dir='ltr'>cum</span> <span class='ocrx_word' id='word_1_134' title='bbox 1258 1924 1438 1985; x_wconf 88' lang='lat' dir='ltr'>thuris</span> <span class='ocrx_word' id='word_1_135' title='bbox 1458 1924 1625 1986; x_wconf 65' lang='lat' dir='ltr'>tertia</span> <span class='ocrx_word' id='word_1_136' title='bbox 1648 1943 1849 2007; x_wconf 85' lang='lat' dir='ltr'>parte,</span> 
     </span>
     <span class='ocr_line' id='line_1_22' title="bbox 492 2004 1849 2089; baseline 0.002 -26"><span class='ocrx_word' id='word_1_137' title='bbox 492 2008 551 2063; x_wconf 83' lang='lat' dir='ltr'>in</span> <span class='ocrx_word' id='word_1_138' title='bbox 589 2008 732 2065; x_wconf 85' lang='lat' dir='ltr'>vino</span> <span class='ocrx_word' id='word_1_139' title='bbox 766 2007 899 2068; x_wconf 89' lang='lat' dir='ltr'>albo</span> <span class='ocrx_word' id='word_1_140' title='bbox 922 2050 941 2078; x_wconf 90' lang='lat'>‚</span> <span class='ocrx_word' id='word_1_141' title='bbox 981 2026 1086 2086; x_wconf 88' lang='lat' dir='ltr'>per</span> <span class='ocrx_word' id='word_1_142' title='bbox 1120 2005 1244 2066; x_wconf 90' lang='lat' dir='ltr'>dies</span> <span class='ocrx_word' id='word_1_143' title='bbox 1279 2021 1436 2067; x_wconf 80' lang='lat' dir='ltr'><strong>xxx·</strong></span> <span class='ocrx_word' id='word_1_144' title='bbox 1467 2004 1615 2067; x_wconf 83' lang='lat' dir='ltr'>Item</span> <span class='ocrx_word' id='word_1_145' title='bbox 1636 2026 1849 2089; x_wconf 86' lang='lat' dir='ltr'>coagu-</span> 
     </span>
     <span class='ocr_line' id='line_1_23' title="bbox 491 2081 1849 2164; baseline 0.002 -22"><span class='ocrx_word' id='word_1_146' title='bbox 491 2082 546 2158; x_wconf 79' lang='lat' dir='ltr'>la</span> <span class='ocrx_word' id='word_1_147' title='bbox 569 2081 847 2164; x_wconf 82' lang='lat' dir='ltr'>ejusdem.</span> <span class='ocrx_word' id='word_1_148' title='bbox 874 2085 1044 2146; x_wconf 87' lang='lat' dir='ltr'>Asini</span> <span class='ocrx_word' id='word_1_149' title='bbox 1073 2086 1373 2149; x_wconf 87' lang='lat' dir='ltr'>cerebrum</span> <span class='ocrx_word' id='word_1_150' title='bbox 1414 2107 1485 2149; x_wconf 84' lang='lat' dir='ltr'>ex</span> <span class='ocrx_word' id='word_1_151' title='bbox 1511 2108 1545 2147; x_wconf 89' lang='lat' dir='ltr'>a</span> <span class='ocrx_word' id='word_1_152' title='bbox 1589 2144 1594 2147; x_wconf 88' lang='lat'>.</span> <span class='ocrx_word' id='word_1_153' title='bbox 1627 2085 1664 2145; x_wconf 67' lang='grc' dir='ltr'>ἃ</span> <span class='ocrx_word' id='word_1_154' title='bbox 1699 2085 1849 2148; x_wconf 87' lang='lat' dir='ltr'>mul·</span> 
     </span>
     <span class='ocr_line' id='line_1_24' title="bbox 493 2162 1848 2245; baseline 0.003 -23"><span class='ocrx_word' id='word_1_155' title='bbox 493 2163 555 2222; x_wconf 65' lang='lat' dir='ltr'>sa</span> <span class='ocrx_word' id='word_1_156' title='bbox 575 2206 593 2234; x_wconf 94' lang='lat'>,</span> <span class='ocrx_word' id='word_1_157' title='bbox 629 2162 977 2245; x_wconf 31' lang='lat' dir='ltr'>infumatum·</span> <span class='ocrx_word' id='word_1_158' title='bbox 1021 2168 1173 2244; x_wconf 69' lang='lat' dir='ltr'>prius</span> <span class='ocrx_word' id='word_1_159' title='bbox 1209 2167 1278 2229; x_wconf 40' lang='lat' dir='ltr'>in·</span> <span class='ocrx_word' id='word_1_160' title='bbox 1315 2165 1512 2239; x_wconf 82' lang='lat' dir='ltr'>foliis„</span> <span class='ocrx_word' id='word_1_161' title='bbox 1582 2164 1848 2228; x_wconf 62' lang='lat' dir='ltr'>emuncia</span> 
     </span>
     <span class='ocr_line' id='line_1_25' title="bbox 490 2242 1850 2327; baseline 0.005 -27"><span class='ocrx_word' id='word_1_162' title='bbox 490 2263 599 2324; x_wconf 89' lang='lat' dir='ltr'>per</span> <span class='ocrx_word' id='word_1_163' title='bbox 640 2243 803 2305; x_wconf 88' lang='lat' dir='ltr'>dies:</span> <span class='ocrx_word' id='word_1_164' title='bbox 840 2242 939 2305; x_wconf 85' lang='lat' dir='ltr'>vel</span> <span class='ocrx_word' id='word_1_165' title='bbox 986 2244 1325 2325; x_wconf 86' lang='lat' dir='ltr'>ungularum</span> <span class='ocrx_word' id='word_1_166' title='bbox 1375 2245 1500 2327; x_wconf 80' lang='lat' dir='ltr'>ejus</span> <span class='ocrx_word' id='word_1_167' title='bbox 1545 2248 1689 2309; x_wconf 86' lang='lat' dir='ltr'>cinis</span> <span class='ocrx_word' id='word_1_168' title='bbox 1748 2268 1850 2307; x_wconf 82' lang='lat' dir='ltr'>co..-</span> 
     </span>
     <span class='ocr_line' id='line_1_26' title="bbox 495 2321 1848 2409; baseline 0.004 -27"><span class='ocrx_word' id='word_1_169' title='bbox 495 2321 816 2387; x_wconf 88' lang='lat' dir='ltr'>chlearibus</span> <span class='ocrx_word' id='word_1_170' title='bbox 857 2323 1003 2385; x_wconf 88' lang='lat' dir='ltr'>binis</span> <span class='ocrx_word' id='word_1_171' title='bbox 1039 2340 1167 2385; x_wconf 87' lang='lat' dir='ltr'>toto</span> <span class='ocrx_word' id='word_1_172' title='bbox 1216 2325 1413 2389; x_wconf 90' lang='lat' dir='ltr'>mense</span> <span class='ocrx_word' id='word_1_173' title='bbox 1455 2344 1648 2409; x_wconf 89' lang='lat' dir='ltr'>potus.</span> <span class='ocrx_word' id='word_1_174' title='bbox 1701 2328 1848 2391; x_wconf 83' lang='lat' dir='ltr'>Item</span> 
     </span>
     <span class='ocr_line' id='line_1_27' title="bbox 491 2401 1845 2490; baseline 0 -23"><span class='ocrx_word' id='word_1_175' title='bbox 491 2402 665 2467; x_wconf 82' lang='lat' dir='ltr'>testes</span> <span class='ocrx_word' id='word_1_176' title='bbox 723 2402 833 2464; x_wconf 81' lang='lat' dir='ltr'>sale</span> <span class='ocrx_word' id='word_1_177' title='bbox 886 2401 1168 2468; x_wconf 79' lang='lat' dir='ltr'>adservati</span> <span class='ocrx_word' id='word_1_178' title='bbox 1207 2406 1542 2489; x_wconf 86' lang='lat' dir='ltr'>&amp;inspersi</span> <span class='ocrx_word' id='word_1_179' title='bbox 1586 2410 1845 2490; x_wconf 83' lang='lat' dir='ltr'>potioni,</span> 
     </span>
     <span class='ocr_line' id='line_1_28' title="bbox 495 2482 1851 2570; baseline 0.003 -26"><span class='ocrx_word' id='word_1_180' title='bbox 495 2486 555 2545; x_wconf 91' lang='lat' dir='ltr'>in</span> <span class='ocrx_word' id='word_1_181' title='bbox 584 2482 876 2544; x_wconf 74' lang='lat' dir='ltr'>&#39;asinarum</span> <span class='ocrx_word' id='word_1_182' title='bbox 923 2487 1173 2547; x_wconf 71' lang='lat' dir='ltr'>maxime</span> <span class='ocrx_word' id='word_1_183' title='bbox 1232 2487 1412 2560; x_wconf 56' lang='lat' dir='ltr'>labie,</span> <span class='ocrx_word' id='word_1_184' title='bbox 1442 2488 1539 2547; x_wconf 86' lang='lat' dir='ltr'>vel</span> <span class='ocrx_word' id='word_1_185' title='bbox 1575 2506 1649 2548; x_wconf 79' lang='lat' dir='ltr'>ex</span> <span class='ocrx_word' id='word_1_186' title='bbox 1686 2487 1851 2570; x_wconf 62' lang='lat' dir='ltr'>aqua.</span> 
     </span>
     <span class='ocr_line' id='line_1_29' title="bbox 490 2564 1847 2649; baseline 0.002 -24"><span class='ocrx_word' id='word_1_187' title='bbox 490 2564 838 2649; x_wconf 84' lang='lat' dir='ltr'>Membrana</span> <span class='ocrx_word' id='word_1_188' title='bbox 869 2566 1061 2649; x_wconf 76' lang='lat' dir='ltr'>patriis</span> <span class='ocrx_word' id='word_1_189' title='bbox 1087 2587 1314 2640; x_wconf 85' lang='lat' dir='ltr'>earum,</span> <span class='ocrx_word' id='word_1_190' title='bbox 1340 2569 1626 2649; x_wconf 72' lang='lat' dir='ltr'>praecipue</span> <span class='ocrx_word' id='word_1_191' title='bbox 1652 2572 1705 2631; x_wconf 84' lang='lat' dir='ltr'>si</span> <span class='ocrx_word' id='word_1_192' title='bbox 1726 2589 1847 2647; x_wconf 53' lang='lat' dir='ltr'>mag·</span> 
     </span>
     <span class='ocr_line' id='line_1_30' title="bbox 491 2646 1849 2729; baseline 0.001 -23"><span class='ocrx_word' id='word_1_193' title='bbox 491 2667 617 2706; x_wconf 87' lang='lat' dir='ltr'>rem</span> <span class='ocrx_word' id='word_1_194' title='bbox 658 2650 1022 2729; x_wconf 87' lang='lat' dir='ltr'>pepererint,</span> <span class='ocrx_word' id='word_1_195' title='bbox 1061 2646 1319 2709; x_wconf 62' lang='lat' dir='ltr'>olfaciata</span> <span class='ocrx_word' id='word_1_196' title='bbox 1348 2649 1664 2710; x_wconf 85' lang='lat' dir='ltr'>accedente</span> <span class='ocrx_word' id='word_1_197' title='bbox 1692 2669 1849 2711; x_wconf 85' lang='lat' dir='ltr'>mor-</span> 
     </span>
     <span class='ocr_line' id='line_1_31' title="bbox 491 2725 1844 2810; baseline 0.001 -24"><span class='ocrx_word' id='word_1_198' title='bbox 491 2725 573 2787; x_wconf 81' lang='lat' dir='ltr'>bo</span> <span class='ocrx_word' id='word_1_199' title='bbox 617 2729 992 2790; x_wconf 89' lang='lat' dir='ltr'>comitialium</span> <span class='ocrx_word' id='word_1_200' title='bbox 1030 2727 1255 2789; x_wconf 86' lang='lat' dir='ltr'>resistit.</span> <span class='ocrx_word' id='word_1_201' title='bbox 1298 2725 1440 2789; x_wconf 90' lang='lat' dir='ltr'>Sunt</span> <span class='ocrx_word' id='word_1_202' title='bbox 1471 2731 1570 2810; x_wconf 89' lang='lat' dir='ltr'>qui</span> <span class='ocrx_word' id='word_1_203' title='bbox 1614 2751 1648 2791; x_wconf 90' lang='lat' dir='ltr'>e</span> <span class='ocrx_word' id='word_1_204' title='bbox 1691 2746 1844 2791; x_wconf 85' lang='lat' dir='ltr'>mare</span> 
     </span>
    </p>
   </div>
   <div class='ocr_carea' id='block_1_3' title="bbox 492 2806 1854 2905">
    <p class='ocr_par' dir='ltr' id='par_1_4' title="bbox 492 2806 1854 2905">
     <span class='ocr_line' id='line_1_32' title="bbox 492 2806 1854 2905; baseline 0.006 -40"><span class='ocrx_word' id='word_1_205' title='bbox 492 2806 776 2905; x_wconf 79' lang='lat' dir='ltr'>nigroque</span> <span class='ocrx_word' id='word_1_206' title='bbox 815 2830 919 2873; x_wconf 89' lang='lat' dir='ltr'>cor</span> <span class='ocrx_word' id='word_1_207' title='bbox 946 2807 1238 2875; x_wconf 74' lang='lat' dir='ltr'>edendum</span> <span class='ocrx_word' id='word_1_208' title='bbox 1266 2830 1407 2898; x_wconf 58' lang='lat' dir='ltr'>gum</span> <span class='ocrx_word' id='word_1_209' title='bbox 1449 2830 1604 2894; x_wconf 77' lang='lat' dir='ltr'>pane</span> <span class='ocrx_word' id='word_1_210' title='bbox 1626 2809 1731 2876; x_wconf 81' lang='lat' dir='ltr'>sub</span> <span class='ocrx_word' id='word_1_211' title='bbox 1750 2810 1854 2889; x_wconf 60' lang='grc' dir='ltr'>ὥς)</span> 
     </span>
    </p>
   </div>
  </div>
 </body>
</html>
