2000 3600
337 230 749 310 Htsron.
794 235 938 312 Lib.
977 232 1285 313 XXXII.
1362 260 1501 340 357

121 352 404 417 similiter
442 357 502 416 in
531 358 827 439 putamine
852 358 976 421 ovi.
1019 357 1283 441 Reliquae
1303 379 1504 420 carnes

126 439 436 518 imposita».
495 435 910 520 sugillationem
978 442 1221 520 rapiunt.
1292 438 1508 501 Cancri

132 520 323 578 etiam
359 516 567 578 oculos
616 519 952 603 adalligatos
980 520 1136 581 collo
1158 520 1382 582 mederi
1401 521 1440 580 li

132 598 397 680 pitudini
439 598 655 660 dicunt.
686 598 783 661 Est
817 622 998 681 parva
1030 620 1165 661 rana
1192 603 1251 661 in
1279 623 1417 663 arun
1461 603 1510 661 i-

133 681 293 740 netis
329 679 397 740 '&
426 679 617 740 herbis
653 683 906 741 maxime
948 684 1159 741 vivens
1180 723 1200 753 ,
1229 700 1388 742 muta
1435 699 1506 743 ae

137 762 268 821 sine
292 776 453 820 voce
468 804 488 834 ,
514 761 716 820 viridis
739 807 754 830 ‚
782 762 828 821 si
852 759 1001 821 forte
1025 760 1344 834 hauriatur,
1365 781 1513 823 ven-

136 857 262 902 tres
299 840 488 901 boum
521 838 871 902 distendens.
907 839 1098 920 Hujus
1134 844 1395 916 corporis
1413 841 1515 901 hu-

138 941 381 983 morem
414 919 659 1004 specillis
695 921 953 984 derasum
976 921 1295 983 claritatem
1330 921 1517 983 oculis

139 1000 395 1063 munais
435 1018 663 1063 narrant
704 1001 928 1064 adferre
960 1025 976 1064 ε
1015 1000 1273 1086 ipsasque
1311 1022 1515 1063 carnes

142 1082 459 1144 doloribus
512 1082 820 1144 oculorum
874 1081 1284 1165 superponunt.
1329 1082 1521 1144 Ranas

147 1166 332 1225 etiarn
363 1164 694 1245 quindecim
711 1161 1001 1244 conjeRas
1032 1167 1091 1224 in
1107 1162 1275 1229 fifflle
1292 1182 1521 1225 novum

147 1241 343 1327 juncis
364 1242 663 1328 configunt
693 1246 924 1328 quidam
941 1267 956 1305 t
976 1244 1262 1327 succoque
1283 1263 1522 1318 earum,

152 1328 254 1408 qui
285 1327 374 1385 ita
399 1324 713 1404 effluxerit,
746 1325 1062 1387 admiscent
1095 1327 1232 1389 vitis
1269 1325 1414 1387 albae
1441 1326 1526 1385 la·-

154 1409 445 1477 erimam‚
487 1424 662 1489 atque
711 1409 787 1468 ita
828 1408 1131 1491 palpebras
1170 1407 1526 1480 emendant5

155 1485 458 1548 inutilibus
492 1489 622 1568 pilis
660 1491 946 1567 exemptis
972 1531 992 1561 ,
1034 1508 1142 1547 acu
1192 1486 1525 1548 instillantes

159 1567 316 1630 hunc
355 1565 591 1628 succum
629 1569 691 1628 in
720 1566 865 1629 vesti
906 1570 959 1628 ia
994 1565 1341 1629 evulsorum.
1382 1567 1528 1629 Me-

163 1668 263 1732 ges
305 1646 657 1731 psilothrum
706 1642 877 1732 palpe
920 1668 1109 1710 rarum
1173 1647 1417 1710 faciebat
1463 1651 1530 1710 in

38 1749 41 1799 ;
165 1747 340 1794 aceto
373 1748 617 1802 enecans
639 1729 1023 1813 putrescentes
1038 1776 1056 1805 ‚
1089 1732 1153 1792 &
1171 1730 1247 1789 ad
1267 1730 1380 1789 hoc
1404 1745 1537 1788 ute-

165 1811 337 1875 batur
370 1811 562 1872 multis
592 1810 874 1894 variisque
915 1832 1023 1894 per
1050 1812 1387 1892 aquationes
1429 1828 1538 1868 au-

38 1890 41 1939 l
169 1894 364 1955 tumui
404 1891 777 1954 nascentibus.
810 1892 973 1952 Idem
1014 1889 1277 1973 praestare
1310 1888 1534 1970 sangui-

167 1973 438 2058 sugarum
450 1975 592 2036 cinis
612 1993 685 2033 ex
702 1989 870 2033 aceto
889 1973 1064 2033 illitus
1086 1986 1330 2052 putatur.
1351 1967 1537 2030 Com·

43 2091 46 2120 =
169 2054 307 2117 buri
324 2074 420 2115 eas
438 2070 674 2137 oportet
693 2055 753 2113 in
780 2073 945 2113 novo
981 2050 1136 2114 vase.
1157 2050 1323 2111 Idem
1349 2053 1539 2113 taeniae

170 2135 341 2217 iecur
380 2137 654 2197 siccatum
703 2134 965 2217 pondere
980 2150 1047 2195 x.
1087 2152 1182 2196 ιν.
1220 2153 1353 2194 cum
1400 2132 1544 2196 oleo

174 2216 423 2281 cedrino
481 2214 764 2298 perunffis
805 2217 937 2298 pilis
970 2234 1192 2278 novem
1222 2214 1543 2277 mensibus-

263 2296 459 2359 XXV.
481 2298 740 2360 Auribus
771 2298 1140 2358 utilissimum
1172 2296 1340 2355 batiae
1371 2293 1542 2373 piscis

178 2377 267 2441 fel
282 2397 521 2453 recens,
551 2376 652 2439 sed
675 2379 1144 2440 &inveteratum
1174 2376 1313 2454 vino
1343 2395 1358 2434 ε
1398 2375 1550 2434 item

180 2459 394 2521 bacchi
414 2504 433 2529 ,
488 2463 665 2538 quem
704 2456 939 2538 quidam
979 2473 1239 2535 myxona
1285 2469 1502 2515 vocant
1523 2472 1546 2514 ε

181 2543 336 2605 item
367 2537 711 2616 callionymi
739 2554 873 2594 cum
889 2532 1126 2595 rosaceo
1144 2531 1417 2593 infusum:
1441 2531 1546 2592 vel

184 2618 517 2686 castoreum
558 2635 694 2676 cum
742 2616 1045 2695 papaveris
1089 2611 1275 2672 succo.
1314 2612 1551 2674 Vocant

191 2705 265 2766 &
301 2703 362 2761 in
396 2700 545 2758 mari
590 2692 930 2776 pediculos,
978 2691 1193 2774 eosque
1241 2692 1407 2753 tritos
1457 2691 1559 2752 in-

191 2781 394 2848 stillari
424 2799 504 2844 ex
535 2781 711 2842 'aceto
741 2775 971 2839 auribus
997 2771 1229 2860 jubent.
1270 2771 1348 2839 Et
1373 2770 1552 2859 perse,
