2000 3600
411 235 813 308 Htsron.
846 235 989 308 Lib.
1007 235 1282 309 XXVI.
1387 259 1474 331 47

156 353 669 518 ἴέιᾲῗέἱῖῗὲῗῖ
694 354 1160 519 ἓίἔὲῗῗὲἱῐςῗὲῗ
1182 354 1487 520 33¹2?ss

155 533 300 598 punt,
328 518 637 600 deploratis
661 518 868 577 auxilio
890 515 970 577 est
989 562 1012 589 ,
1052 537 1184 578 curn
1206 519 1330 577 aeris
1358 517 1478 579 flo-

153 617 202 657 re
214 601 338 660 vino
356 615 679 679 temperato
696 643 715 672 ,
732 598 998 659 omnibus
1017 598 1206 658 modis
1224 641 1246 672 ‚
1264 598 1477 660 velflo-

151 696 236 751 te,
263 679 353 740 vel
392 678 635 750 semine,
669 679 771 739 vel
810 678 1023 738 radice.
1061 677 1283 738 Eadem
1337 699 1474 740 cum

151 759 354 838 polenta
386 757 629 820 vetustis
663 758 995 821 vulneribus
1041 755 1293 839 prodest.
1341 758 1473 820 He-

152 840 337 900 raclion
354 860 586 922 quoque
612 838 864 900 siderion
879 885 898 913 ‚
919 840 1307 920 Apollinaris,
1326 838 1480 921 psyl-

153 917 299 994 lium,
330 939 408 981 tra
446 921 690 982 acantha
712 963 732 992 ‚
776 919 1059 981 scordotis
1108 941 1242 979 cum
1297 920 1472 982 melle

154 1016 341 1082 purgat.
393 942 600 1063 bgarina
656 998 783 1080 ejus
836 1020 1037 1060 carnes
1091 998 1486 1061 excrescentes

155 1099 244 1159 per
276 1081 324 1141 se
355 1081 600 1164 insparsa
641 1078 940 1143 consumit.
970 1077 1305 1141 Polemonia
1325 1080 1481 1141 ulce-

157 1178 238 1232 ra,
267 1183 380 1244 quae
418 1161 703 1225 cacoethe
739 1180 953 1223 vocant
985 1207 1006 1236 ‚
1039 1160 1193 1221 sanat
1217 1182 1230 1222 τ
1250 1178 1480 1225 centau-

157 1258 293 1301 teum
319 1243 497 1325 majus
527 1241 844 1324 insparsum
879 1242 977 1305 vel
1028 1242 1233 1302 illitum
1263 1286 1283 1317 ,
1334 1245 1476 1305 item

158 1323 356 1384 minoris
394 1347 562 1386 coma
604 1322 840 1384 decocta
886 1322 989 1383 vel
1039 1324 1172 1383 trita
1199 1370 1215 1393 ,
1272 1340 1479 1385 vetera

157 1402 1478 1566 ἓιῗῖἰἿὲῗγέἒέἶῖεῗὲἶὲῗὲυῗρῗηὲἷᾶἳὲἷροἷῖἷῖῗ

157 1576 248 1631 tur.
280 1563 506 1628 Illinitur
569 1585 765 1639 autem
806 1563 1091 1626 Gentiana
1149 1565 1436 1625 ulceribus
1458 1608 1482 1640 ,

160 1661 268 1722 quae
289 1644 365 1706 ser
440 1665 536 1718 nt,
599 1647 794 1707 radice
831 1646 958 1706 tusa
995 1644 1096 1707 vel
1139 1644 1379 1706 decoci&
1421 1648 1484 1708 in

160 1724 283 1804 aqna
318 1748 349 1786 a
408 1728 597 1790 mellis
633 1727 1097 1799 crassitudinem,
1132 1725 1234 1787 vel
1275 1724 1483 1786 succo:

160 1804 480 1884 vulneribus,
514 1831 593 1871 ex
636 1810 707 1869 ea
735 1806 948 1868 fanum
987 1807 1262 1885 Lycium.
1309 1805 1486 1885 Lysi-

165 1886 352 1948 machia
375 1889 698 1953 recentibus
736 1889 922 1970 plagis
948 1886 1235 1946 medetur.
1262 1882 1487 1946 Planta·

163 1983 232 2044 go
261 1972 494 2031 omniurn
524 1989 817 2055 generum
854 1966 1176 2041 ulceribus,
1213 1967 1478 2049 peculia-

163 2046 279 2105 riter
294 2046 618 2126 feminarum
634 2098 651 2124 ,
675 2050 877 2111 senum
889 2092 908 2122 ‚
925 2049 988 2111 &
1014 2046 1333 2108 infantium.
1354 2046 1484 2131 Igni

168 2128 388 2192 emollita
404 2135 616 2196 melior
633 2177 653 2207 ‚
672 2134 747 2196 ⁴&
775 2152 907 2192 cum
941 2146 1136 2191 cerato
1154 2173 1175 2204 ‚
1195 2127 1371 2190 crass'a
1390 2128 1484 2188 ul·-

166 2224 335 2269 cerum
364 2212 511 2275 labra
552 2229 789 2297 purgat,
826 2231 1031 2272 nomas
1060 2208 1220 2272 sistit.
1256 2207 1484 2271 Tritam

168 2281 261 2346 suis
277 2289 412 2353 foliis
432 2297 688 2377 integere
708 2308 962 2375 oportet.
988 2288 1442 2373 Suppurationes
1461 2333 1487 2363 ‚

169 2368 493 2436 colleffiones
520 2419 546 2449 ‚
588 2377 746 2436 sinus
798 2375 1056 2436 ulcerum
1081 2417 1103 2444 ,
1155 2369 1487 2432 chelidonia

173 2463 371 2532 quoque
400 2457 713 2518 siccantur:
739 2454 981 2518 vulnera
1004 2453 1187 2525 adeo,
1211 2467 1276 2511 ut
1315 2453 1490 2511 etiam

172 2546 267 2604 Pto
302 2530 489 2613 spodio
524 2554 773 2598 utantur.
817 2535 1040 2596 Eadem
1080 2532 1199 2613 jam
1219 2527 1489 2608 despera-

173 2606 241 2666 tis
274 2630 389 2673 cum
435 2618 685 2700 axungia
720 2618 1065 2694 imponitur.
1115 2608 1490 2671 Diaamnum

176 2703 292 2763 pota
329 2691 539 2776 sagittas
571 2693 774 2781 pellit,
794 2696 859 2756 δι
889 2694 998 2754 alia
1025 2688 1142 2752 tela
1161 2687 1402 2750 extrahit
1419 2690 1491 2751 il-

173 2764 271 2838 lita·
300 2772 506 2848 Bibitur
528 2799 606 2846 ex
626 2797 786 2861 aquae
811 2774 1026 2859 cyatho
1046 2770 1323 2840 foliorum
1342 2771 1486 2872 cbo?
