2000 3600
403 269 819 341 Htsroa.
875 271 1019 343 Lib.
1059 271 1367 347 XXXII.
1442 297 1579 371 347

185 387 402 471 excipi
444 410 611 452 novo
647 387 805 451 fiffili
837 387 1073 470 jubent:
1097 392 1295 474 ignem
1328 391 1579 468 sacrum,

186 470 627 552 cujuscumque
661 474 891 555 generis
923 471 1015 533 san
1059 475 1192 535 uine
1220 472 1365 535 illini
1392 494 1408 536 ε
1434 476 1582 537 item

179 554 413 634 'capitis
441 550 634 613 ulcera
650 552 934 613 manantia
952 597 978 630 ,
1060 557 1367 616 'verrucas.
1385 553 1580 619 Iidem

177 635 555 716 'promittunt
588 631 937 695 testudinum
975 636 1239 697 omnium
1277 634 1424 700 fimo
1465 658 1578 719 pa·-

172 724 307 776 'nos
358 711 583 775 discuti.
623 713 698 775 Et
731 715 868 775 licet
900 715 1235 776 incredibile
1267 716 1421 779 dielu
1465 720 1574 794 sit,

183 795 382 890 aliqui
417 791 652 856 tradunt
685 794 901 855 tardius
935 798 1019 856 ire
1059 797 1290 879 navigia
1313 841 1337 871 ‚
1384 797 1572 863 testu-

182 875 350 937 dims
398 876 620 958 pedem
649 875 920 937 dextrum
946 876 1239 938 vehentia.

123 974 126 979 ·
268 955 425 1017 XV.
488 955 646 1017 Hinc
698 957 910 1018 deinde
947 959 1007 1018 in
1049 959 1291 1019 morbos
1340 957 1569 1042 digere-

181 1048 325 1099 mus
391 1036 665 1119 aquatilia
688 1082 710 1109 ,
743 1058 865 1098 non
904 1039 1041 1120 quia
1076 1040 1407 1120 ignoremus
1442 1060 1571 1123 gra-

177 1120 421 1180 tiorem
455 1115 565 1180 effe
588 1119 1026 1181 universitatem
1049 1116 1418 1194 animalium‘‚
1438 1142 1566 1182 ma-

179 1197 462 1292 jorisque
536 1200 794 1261 miraculi
829 1221 846 1260 ι
897 1197 999 1260 sed
1060 1200 1176 1262 hoc
1229 1201 1423 1262 utilius
1481 1201 1565 1264 est

181 1282 331 1344 vitae
354 1324 376 1355 ,
430 1281 758 1343 contributa
818 1280 1031 1342 habere
1086 1282 1380 1357 remedia,
1428 1282 1565 1345 cum

181 1361 353 1423 aliud
377 1361 490 1421 alii
530 1363 719 1447 prosit
737 1405 761 1437 ‚
812 1362 968 1425 aliud
1018 1361 1154 1425 alibi
1191 1360 1413 1426 facilius
1459 1366 1563 1427 in·

180 1444 488 1506 veniatur.
517 1444 522 1447 ’
657 1464 664 1469 ’
917 1470 922 1475 ·

187 1520 192 1527 ’
265 1522 395 1584 XV
402 1521 451 1582 1.
494 1541 547 1603 5.
577 1520 951 1585 venenatum
988 1524 1111 1584 mel
1154 1523 1399 1587 diximus
1454 1525 1557 1589 ubi

182 1604 547 1667 nasceretur.
568 1599 814 1664 Auxilio
855 1602 938 1663 est
971 1602 1143 1688 piscis
1182 1623 1375 1669 aurata.
1394 1607 1454 1666 in
1473 1607 1560 1669 ci‘-

183 1684 290 1748 bo.
322 1682 451 1744 vel
475 1684 522 1742 si
561 1703 638 1743 ex
662 1684 839 1751 melle
878 1685 1105 1746 sincero
1127 1683 1410 1747 fastidium
1433 1708 1560 1751 cru·

184 1763 457 1839 'ditasve‚
490 1785 617 1848 quae
654 1768 727 1827 sit
770 1768 1138 1850 gravissima,
1181 1768 1437 1839 incidat,
1469 1784 1559 1829 te-

183 1845 487 1911 studinem
510 1848 855 1908 circumcisis
886 1848 1166 1928 pedibuS,
1183 1850 1373 1929 capite
1389 1892 1405 1915 ,
1429 1868 1560 1908 cau·

186 1927 302 2001 fla,
335 1925 673 1999 decofiam‚
711 1927 1034 1988 antidotum
1068 1923 1223 2001 esse,
1259 1926 1456 1988 aufilor
1477 1926 1559 1990 est

185 2007 471 2091 Pelops,
515 2006 887 2089 scincum'que
932 2006 1197 2089 Apelles.
1247 2006 1377 2088 Qui
1419 2005 1560 2070 effer

187 2089 453 2162 scincus,
491 2089 737 2150 diximus
764 2112 781 2150 :
812 2087 1016 2169 saepius
1048 2090 1192 2151 verb
1213 2133 1239 2163 ‚
1281 2092 1558 2172 quantum

186 2169 470 2234 veneficii
501 2172 561 2229 in
602 2167 909 2231 menstruis
942 2169 1268 2233 mulierum.
1332 2168 1557 2233 Contra

186 2254 395 2315 omnia
434 2272 501 2312 ea
544 2253 883 2326 auxiliatur,
918 2269 982 2314 ut
1013 2252 1299 2334 diximuS,
1323 2250 1555 2316 mullus·

187 2331 346 2418 Item
374 2349 575 2414 contra
611 2332 984 2415 pastinacam,
1007 2336 1072 2393 &
1089 2331 1421 2414 scorpiones
1439 2349 1561 2392 ter-

187 2413 403 2476 restres
443 2411 845 2493 marinosque,
884 2415 951 2474 &
986 2412 1300 2483 dracones,
1334 2413 1399 2473 &
1460 2411 1565 2471 ha-

189 2495 391 2573 langia
426 2491 601 2550 illitus
632 2490 962 2572 sumptusve
1004 2492 1065 2550 in
1103 2493 1257 2553 cibo.
1290 2432 1564 2572 Ejuillem

187 2571 448 2646 recentis
478 2589 510 2629 e
538 2572 730 2652 capite
766 2572 910 2630 cinis
927 2586 1128 2631 contra
1160 2574 1354 2631 omnia
1374 2590 1559 2632 vene·

191 2647 313 2726 fia,
353 2649 624 2733 privatim
657 2665 859 2711 contra
892 2648 1122 2732 fungos.
1164 2650 1325 2711 Mala
1369 2651 1569 2714 medi·

188 2737 470 2796 tamenta
487 2728 683 2791 inferri
708 2745 919 2812 negant
981 2727 1099 2791 'offe
1117 2773 1141 2805 ,
1156 2747 1252 2792 aut
1280 2732 1435 2794 certe
1455 2753 1563 2795 no·

175 2831 375 2892 tere,
409 2809 576 2877 stella
606 2812 825 2875 marina
961 2813 1106 2901 pino
1152 2810 1418 2961 {nguine
1451 2814 1565 2888 im,-

1255 2914 1317 2983 Ἴ
