2000 3600
445 258 868 336 Hlsron.
916 263 1064 337 Lib.
1103 264 1407 338 XXVII.
1501 290 1594 365 79

202 400 412 465 neque
444 380 671 462 postea.
693 381 916 444 Pellunt
936 385 1367 446 interaneorum
1385 385 1600 447 anima-

209 465 288 525 lia
321 485 337 524 ε
380 484 459 524 ex
495 463 585 523 his
616 465 812 524 taenias
848 485 983 526 cum
1027 466 1245 526 melle:
1289 485 1485 528 cetera
1520 487 1596 528 ex

210 548 362 606 vino
387 543 547 604 dulci
569 544 762 607 triduo
796 561 973 627 potae.
1001 545 1263 628 Utraque
1283 545 1591 609 stomacho

209 624 601 686 inutilissima.
662 624 887 688 Alvum
929 625 1139 688 solvit:
1168 629 1357 708 primo
1406 626 1591 689 bilem

211 706 644 786 trahens,mox
671 727 920 787 aquam.-
961 707 1170 767 melihs
1203 709 1400 768 taenias
1446 728 1588 770 cum

210 785 555 863 scammonii
573 789 694 868 pari
796 788 997 849 ndere.
1035 786 1226 848 Radix
1257 786 1381 867 ejus
1405 788 1584 851 dussm

209 867 536 931 obolorum
571 887 691 948 pon
736 887 832 928 ere
877 889 953 929 ex
985 867 1139 950 aqua
1177 913 1198 942 ,
1245 868 1375 950 post
1417 871 1584 931 unius

214 947 339 1007 diei
385 946 787 1009 abstinentiam
813 948 1260 1019 bibitur,melle
1321 949 1589 1031 raegusta-

216 1043 286 1087 to
312 1045 514 1088 contra
535 1027 996 1088 rheumatismos.
1023 1028 1243 1089 Neutra
1301 1030 1448 1090 anda
1466 1050 1590 1091 mu·

217 1108 487 1180 liet-ibus,
525 1111 801 1190 quoniam
832 1108 1085 1191 gravidis
1104 1109 1404 1184 abortum,
1429 1127 1585 1170 cerev·

214 1191 297 1248 ris
337 1187 691 1249 sterilitatem
727 1187 882 1250 facit.
922 1188 1126 1250 Farina
1177 1210 1377 1251 earum
1420 1190 1586 1251 ulce-

212 1268 374 1329 ribus
408 1272 573 1330 tetris
606 1268 978 1352 inspergitur:
1019 1269 1414 1349 jumentorum
1436 1292 1583 1354 quo·

215 1370 334 1432 que
365 1351 709 1412 cervicibus.
731 1349 893 1410 Folia
911 1351 1178 1412 cimicem
1199 1369 1439 1413 necant:
1465 1350 1583 1412 ser-

264 1447 460 1492 entem
494 1451 614 1491 non
652 1431 950 1511 recipiunt.
995 1429 1143 1492 Ideo
1179 1431 1457 1492 substerni
1478 1434 1596 1493 uti·¹

214 1451 276 1571 fe
312 1510 397 1572 est
430 1513 492 1571 in
535 1511 680 1571 locis
719 1509 1018 1593 suspectis:
1042 1510 1180 1572 ustae
1196 1515 1367 1573 etiam
1385 1510 1585 1594 fugant

210 1590 444 1652 nidore.
463 1591 683 1653 Fecere
722 1590 935 1652 medici
976 1592 1144 1670 hujus
1178 1612 1414 1674 quoque
1452 1595 1584 1653 her-

211 1671 306 1731 bae
353 1669 686 1733 discrimen.
744 1670 991 1753 Optima
1030 1672 1420 1736 Macedonica
1462 1671 1582 1748 est,

212 1750 467 1813 secunda
504 1750 858 1833 Cassiopica.

295 1832 455 1895 LVI.
482 1833 695 1894 Femur
715 1833 1001 1894 bubulum
1019 1835 1345 1915 appellatur
1366 1832 1545 1894 herba
1561 1878 1583 1909 ‚

213 1915 415 1976 nervis
442 1915 507 1977 δι
535 1913 654 1996 ipsa
685 1914 874 1986 utilis,
903 1933 1109 1975 recens
1138 1916 1199 1975 in
1226 1932 1394 1977 aceto
1417 1936 1484 1975 ac
1509 1913 1586 1976 sa·

208 1994 274 2055 ie
316 1998 467 2057 trita.

297 2074 484 2136 LVII.
527 2072 844 2159 Galeopsis
863 2120 884 2152 ,
922 2090 1022 2136 aut
1040 2121 1059 2152 ‚
1092 2091 1157 2137 ut
1188 2077 1317 2149 alii,
1339 2077 1580 2161 galeob-

206 2155 399 2216 dolon
420 2199 441 2229 ‚
477 2156 581 2218 vel
629 2158 819 2239 galion
837 2202 857 2231 ‚
877 2157 1103 2218 caulem
1141 2160 1207 2221 &
1239 2156 1379 2220 folia
1403 2158 1578 2219 habet

210 2237 419 2297 urticae
459 2236 737 2311 laeviora‚
790 2240 858 2300 &
894 2259 1021 2320 quae
1045 2251 1284 2320 gravem·
1328 2239 1579 2299 odorem

212 2318 347 2377 trita
391 2316 687 2379 reddant:
737 2319 883 2380 flore
936 2339 1250 2400 purpureo.
1313 2317 1580 2379 Nascitur

210 2397 367 2458 circa
401 2397 461 2458 se
507 2419 569 2458 es
606 2419 672 2459 ac
712 2397 934 2460 semitas
975 2400 1215 2481 ubique.
1256 2397 1420 2459 Folia
1431 2420 1580 2480 fau-

210 2476 408 2559 {esque
437 2420 674 2540 duritias
712 2481 778 2541 δὲ
810 2481 1195 2540 carcinomata
1232 2477 1427 2538 sanant
1447 2520 1468 2549 ,
1506 2497 1579 2536 ex

210 2575 384 2619 aceto
399 2602 420 2630 ‚
435 2563 567 2619 trita
589 2561 656 2623 &
682 2560 991 2641 imposita:
1024 2562 1170 2619 item
1196 2557 1457 2617 strumas.
1482 2555 1581 2615 Pa-

209 2659 324 2699 nos
366 2639 432 2700 &
463 2639 761 2722 parotidas
797 2639 1123 2699 discutiunt.
1162 2637 1251 2696 Ex
1273 2634 1376 2695 usu
1412 2633 1494 2696 est
1513 2638 1578 2701 &

203 2718 467 2781 'decostae
494 2720 668 2782 succo
689 2719 915 2780 fovere.
937 2715 1326 2780 Putrescentia
1344 2736 1577 2803 quoque

208 2800 276 2864 δ(
307 2821 644 2885 gangraenas
680 2799 835 2864 sanat
867 2821 1001 2865 cum
1040 2798 1237 2941 saleb
1274 2881 1337 2942 iv
