2000 3600
467 262 568 341 90
716 244 788 313 C.
831 242 1227 316 PL1N11
1284 241 1733 314 Nar-vn.

460 362 866 443 Quocumque
919 359 1043 428 haec
1080 358 1263 419 modo
1300 355 1357 417 se
1392 357 1673 419 habeant
1707 403 1730 434 ‚
1773 357 1873 422 vis
1957 397 1970 432 ῃ

464 462 660 504 earum
678 440 759 501 est
779 438 1000 520 spissare
1026 460 1092 499 ac
1115 437 1468 520 refrigerare.
1493 438 1765 501 Semina
1785 443 1872 500 al-

458 542 613 586 .vum
633 521 892 582 solvunt:
924 522 1007 581 lar
1046 522 1133 579 'iis
1150 518 1371 602 sumpta
1391 522 1640 581 urinam
1662 524 1830 582 cient
1851 566 1876 596 ‚

393 631 399 638 ’
464 601 907 663 rheumatismos
950 622 1025 661 co
1066 599 1273 661 ibent:
1357 603 1416 660 ui
1454 603 1503 659 si
1550 623 1693 662 non
1735 601 1872 662 fue·

454 702 565 757 are,
594 704 715 742 non
747 680 1005 764 prosunt.
1021 679 1313 743 stomachi
1356 684 1558 742 ervori
1577 681 1738 743 folia
1760 685 1876 742 im·

509 778 790 825 onuntur:
815 765 1023 826 vesicae
1042 763 1231 824 dolori
1244 762 1545 823 illinuntur
1565 807 1592 836 ‚
1621 766 1696 825 &
1720 764 1870 845 igni-

329 909 332 911 ,
435 868 441 873 ·
512 865 578 904 us
613 842 799 904 sacris.
827 842 1041 904 Succus
1061 844 1368 905 &auribus
1391 842 1740 924 purulentis
1776 847 1871 902 in-

472 923 716 986 stillatur
738 969 757 999 ,
788 926 854 986 &
883 926 1188 984 oculorum
1227 923 1420 983 dolori
1458 933 1584 1005 per·
1611 923 1703 986 se.
1737 922 1866 983 Da·

470 1007 640 1066 batur
675 1006 740 1067 &
777 1006 836 1065 in
870 1004 1128 1066 febribus
1158 1020 1290 1066 ante
1309 1006 1693 1065 accessiones
1716 1003 1867 1064 duo-

470 1087 584 1147 bus
620 1086 845 1167 cyathis
879 1088 939 1144 in
973 1087 1252 1160 tertianis,
1272 1084 1693 1166 quartanisque
1716 1104 1866 1163 prae·

476 1167 682 1246 cipue:
709 1170 848 1226 item
873 1165 1173 1226 cholericis
1192 1207 1212 1239 ‚
1236 1163 1627 1245 dysentericis
1653 1211 1676 1242 ,
1699 1166 1770 1226 &
1801 1166 1862 1222 in

474 1245 759 1306 solutione
801 1243 1098 1306 stomachi.
1125 1244 1392 1305 Tertium
1428 1265 1620 1328 genus
1668 1264 1864 1306 oreon

470 1343 757 1399 vocatur,
793 1326 856 1385 in
909 1326 1205 1386 montibus
1244 1324 1478 1387 nascens
1506 1371 1533 1401 ,
1582 1325 1860 1387 arundini

474 1423 693 1467 tenerae
725 1406 950 1478 simile,
977 1428 1100 1467 uno
1138 1407 1300 1468 caule
1321 1451 1342 1480 ‚
1378 1406 1577 1467 densis
1612 1409 1857 1489 genicu-

476 1487 549 1547 lis
592 1488 658 1547 &
691 1488 751 1547 in
773 1486 831 1547 se
865 1485 1143 1563 infarffiS,
1190 1486 1343 1548 foliis
1380 1503 1579 1548 autem
1626 1491 1858 1569 piceae,

476 1567 687 1627 radicis
720 1567 1123 1650 supervacuae,
1156 1566 1503 1628 inefficacius
1543 1570 1744 1651 quarn·
1766 1565 1858 1625 su-

478 1649 732 1728 periora.
758 1648 1052 1709 Peculiare
1075 1647 1404 1709 ischiadicis.
1424 1646 1736 1728 Quartum
1757 1667 1856 1731 ge-

476 1748 590 1788 -nus
611 1728 869 1790 silvestre
892 1750 925 1788 a
967 1729 1244 1811 pellatur,
1279 1749 1445 1811 paene
1464 1729 1699 1791 arboris
1726 1747 1855 1790 mo-

481 1809 566 1873 do
586 1809 779 1872 frutex
800 1857 820 1885 ‚
844 1832 905 1871 ra
946 1814 1034 1872 ice
1073 1811 1293 1893 lignosa
1311 1855 1330 1883 ,
1354 1809 1525 1893 stirpe
1561 1812 1734 1872 cedri
1750 1829 1848 1870 ru·

464 1891 739 1954 -bicundo
761 1916 776 1955 t
797 1895 967 1954 ramis
998 1890 1165 1974 sparti
1184 1935 1206 1965 ‚
1239 1890 1441 1952 binfim
1483 1892 1852 1973 palmorum,

481 1973 658 2052 nigris
699 1973 1097 2053 geniculorum
1132 1975 1313 2033 ternis
1354 1973 1717 2054 quaternisve
1761 1991 1852 2031 ar-

482 2050 692 2111 ticulis.
730 2051 884 2111 Huic
917 2071 1155 2132 quoque
1189 2051 1451 2131 spiss'andi
1490 2071 1735 2125 natura,
1770 2049 1853 2110 sa·-

483 2150 594 2214 por
630 2131 769 2190 mali
806 2133 1086 2196 cotonei-t
1106 2131 1473 2213 Decoquitur
1511 2136 1575 2193 in
1608 2134 1763 2216 aqua
1780 2129 1850 2190 ad

481 2209 718 2283 tertias,
762 2227 858 2270 aut
892 2210 1036 2269 aridi
1075 2208 1255 2270 farina
1287 2211 1473 2292 insper
1513 2215 1627 2274 'tur
1647 2217 1717 2276 ὃ(
1737 2213 1851 2274 oris

480 2288 772 2352 ulceribus
806 2292 874 2352 δι
913 2291 1115 2350 attritis
1150 2291 1422 2371 partibus.
1505 2311 1714 2374 ropter
1772 2295 1851 2352 in·

482 2372 750 2453 givarum
789 2372 937 2432 verb
971 2371 1116 2430 vitia
1157 2372 1691 2435 commanducatur.
1720 2314 1848 2434 glo·

482 2472 609 2511 mas
650 2450 791 2511 sistit
832 2452 1142 2534 omniaque
1164 2473 1293 2533 quae
1316 2452 1583 2534 serpunt,
1616 2471 1721 2516 aut
1742 2450 1849 2514 dif-

484 2531 699 2594 ficilem
729 2534 1060 2594 cicatricem
1099 2530 1330 2596 habent.
1368 2532 1649 2596 Privatim
1701 2533 1849 2596 verb

484 2614 646 2677 sanat
682 2636 716 2674 a
746 2616 881 2677 nive
915 2613 1063 2676 faita
1098 2615 1318 2683 ulcera.
1355 2616 1621 2677 Herbarii
1669 2618 1735 2678 &
1773 2610 1843 2673 ad

482 2697 721 2774 anginas
757 2714 992 2758 utuntur
1026 2697 1161 2759 illa:
1204 2699 1270 2759 &
1300 2700 1360 2757 in
1395 2699 1594 2777 capitis
1640 2695 1840 2756 dolore

486 2791 770 2836 coronam
811 2797 887 2847 ex
926 2778 997 2838 ea
1031 2779 1382 2858 imponunt:
1417 2778 1483 2841 δι
1513 2793 1713 2853 contra
1734 2775 1844 2856 epi·
