2000 3600
438 264 543 340 '40
664 223 764 317 vC.
816 248 1181 316 Pztmz
1230 241 1607 314 Naum.

481 371 613 450 ‘que
649 386 722 429 eo
756 365 1110 446 praecipiant.
1158 362 1232 424 Et
1263 360 1625 425 aristolochia
1671 379 1808 446 pera

472 448 797 510 rifflonibus
843 444 1076 506 resistit.
1207 472 1211 477 ·

518 526 757 588 LXXII.
794 526 1164 586 Phreneticos
1202 523 1438 598 somnus
1476 523 1634 585 sanat
1658 569 1677 598 ,
1752 527 1814 589 ui

437 611 717 690 contingit
751 608 1094 688 peucedano
1136 627 1209 667 ex
1249 624 1418 667 aceto
1455 607 1626 685 capiti
1663 545 1812 667 intiu-

443 690 543 764 s0‚
567 688 944 771 anagallidum
986 687 1174 748 succo.
1211 686 1261 747 E
1287 685 1515 748 diverso
1548 685 1732 745 lethar
1774 687 1823 735 '-

443 785 555 830 cos·
572 773 822 830 excitare
852 769 1016 829 labor
1049 767 1163 830 est:
1199 768 1313 828 hoc
1352 766 1687 849 praestante,
1709 706 1819 849 (gtit

447 849 796 931 perhibent)
837 871 908 911 ex
932 867 1097 909 aceto
1135 849 1365 907 naribus
1405 846 1563 908 τηθὶς
1597 866 1827 929 peuce-

449 931 584 992 dani
627 930 816 992 succe.
862 929 1086 991 Contra
1121 927 1357 988 insanias
1396 928 1714 989 Vettonica
1731 927 1826 988 bi-

449 1012 621 1073 bitur.
662 1009 1061 1072 Carbunculos
1096 1011 1311 1091 rumpit
1354 1030 1615 1089 panaces.
1648 1006 1830 1069 sanat

449 1090 786 1155 Vettonicae
849 1091 1028 1152 farina
1076 1110 1148 1150 ex
1208 1091 1393 1172 aqua,
1433 1105 1531 1149 aut
1566 1089 1830 1150 brassica

456 1195 593 1234 cum
633 1173 794 1233 thure
817 1215 836 1241 ,
875 1172 1163 1252 frequenti
1211 1188 1354 1251 potu
1388 1169 1620 1230 calidae:
1650 1170 1756 1230 vel
1792 1190 1831 1231 e

460 1253 714 1313 carbone
741 1254 801 1310 in
824 1250 1132 1332 conspectu
1152 1249 1420 1312 restinRO
1437 1294 1455 1323 ,
1474 1248 1705 1321 favilla,
1735 1250 1834 1310 di-

457 1334 582 1415 gito
623 1331 836 1391 sublata
877 1334 942 1393 &
981 1332 1160 1392 illita:
1186 1333 1285 1395 vel
1324 1331 1592 1413 plantago
1631 1328 1780 1391 tusa.

539 1409 813 1472 LXXIII.
851 1411 1225 1494 Tithymalus
1264 1412 1547 1472 characias
1593 1410 1835 1492 hydro-,-

458 1492 626 1574 picos
673 1491 858 1554 sanat:
895 1493 1164 1575 plantago
1202 1495 1261 1552 in
1301 1493 1432 1552 cibo
1455 1537 1477 1564 ,
1498 1494 1633 1552 cum
1665 1493 1833 1572 priits

458 1593 671 1655 panem
708 1575 923 1634 siccum
958 1574 1184 1634 ederint
1207 1574 1329 1632 sine
1352 1593 1530 1653 potu:
1554 1572 1838 1634 Vettoni-

459 1674 531 1713 ca
566 1653 843 1724 drachmis
878 1654 1097 1715 duabus
1135 1656 1195 1713 in
1232 1654 1458 1714 duobus
1500 1654 1726 1734 cyathis
1746 1655 1843 1714 vi-

460 1735 522 1795 ni
556 1752 651 1795 aut
674 1734 873 1797 mulsi:
897 1736 993 1795 vel
1014 1737 1298 1817 agaricum
1317 1777 1336 1807 ,
1358 1734 1459 1796 vel
1485 1733 1677 1795 semen
1699 1734 1836 1795 lon-

461 1818 692 1882 chitidis
747 1816 964 1876 duabus
1008 1816 1233 1898 lingulis
1275 1836 1349 1876 ex
1390 1816 1536 1896 aqua
1580 1837 1833 1897 potum:

463 1898 721 1980 psyllion
758 1918 830 1958 ex
864 1900 1047 1958 vino:
1076 1896 1455 1979 anagallidum
1482 1895 1711 1957 succus:
1736 1917 1845 1957 co-

462 1995 488 2038 t
537 1978 765 2039 ledonis
790 1979 949 2038 radix
975 1999 1009 2039 e
1027 1976 1211 2038 mulso
1237 1998 1252 2037 ε
1292 1976 1444 2037 ebuli
1472 1978 1717 2038 recentis
1744 1999 1845 2039 ra-

464 2000 602 2130 dix,
629 2055 854 2117 excuss‘a
894 2061 1115 2117 tantum
1135 2102 1154 2132 ‚
1194 2079 1303 2119 nec
1356 2058 1569 2120 colluta
1598 2099 1622 2131 ,
1665 2058 1839 2138 quod
1859 2057 1871 2070 ”

467 2137 587 2196 duo
630 2137 789 2217 digiti
830 2137 1357 2217 comprehendant,
1387 2159 1457 2199 ex
1476 2140 1847 2202 viniveteris

468 2215 639 2278 calidi
658 2216 929 2280 hemina:
965 2216 1178 2277 trifolii*
1211 2220 1369 2280 radix
1392 2220 1675 2280 drachmis
1697 2219 1849 2279 dua-

376 2326 381 2332 ·
468 2297 578 2358 bus
625 2316 699 2356 ex
738 2299 922 2360 vino:
958 2298 1330 2379 tithymalum
1356 2345 1375 2370 ,
1420 2299 1843 2382 platyphyllon

472 2380 864 2459 cognomine:
905 2377 1100 2442 semen
1133 2382 1446 2463 hyperici,
1492 2380 1653 2463 quod
1688 2381 1847 2446 coris

474 2459 817 2542 appellatur,

558 2537 705 2601 Acte
724 2585 742 2614 ,
765 2560 935 2621 quam
956 2540 1188 2621 quidam
1212 2538 1322 2600 esse
1345 2541 1580 2604 ebulum
1645 2557 1843 2616 utam,

477 2622 668 2690 radice
700 2621 940 2681 contrita
980 2623 1041 2680 in
1081 2622 1202 2680 vini
1249 2622 1474 2700 cyathis
1535 2565 1750 2696 trilius,
1793 2619 1846 2683 si

480 2699 655 2762 febris
696 2703 881 2775 absit,
924 2703 1023 2764 vel
1067 2700 1293 2762 ‘semine
1343 2723 1414 2764 ex
1473 2705 1616 2765 vino
1657 2706 1849 2786 nigro.

481 2779 637 2846 Item
657 2780 1299 2854 verbenaca2fasciculo
1313 2781 1514 2852 maniis
1531 2784 1724 2867 plenae
1743 2784 1852 2860 de.-

482 2857 647 2922 costa
668 2860 733 2921 in
763 2862 911 2944 aqua
927 2862 1003 2923 ad
1025 2861 1321 2949 dimidias-¹
