2000 3600
360 276 775 348 Htsron.
824 276 968 349 Lib.
1013 277 1344 352 XXVIII.
1441 293 1581 381 151*

260 415 302 459 e
347 394 479 476 ejus
514 396 860 466 inveterati,
904 397 1004 457 vel
1059 398 1309 480 genitale
1351 403 1526 462 maris
1547 445 1572 476 ,

164 418 520 539 ffiutariter
559 478 767 537 dantur
803 479 863 536 in
892 480 1035 538 vino
1064 502 1080 539 ε
1125 481 1268 540 item
1312 499 1571 557 venter,

169 579 378 641 quem
427 558 900 640 centipellionem
939 577 1174 621 vocant.
1214 561 1463 644 Fugiunt
1501 565 1570 627 &

171 642 442 701 omnino
477 639 714 700 dentem
757 639 918 700 cervi
957 639 1269 715 habentes,
1306 659 1401 705 aut
1434 638 1566 705 mci-

173 719 357 781 duna
477 718 706 781 runcios
722 761 743 793 ‚
771 718 993 781 fevove
1016 723 1175 782 cervi
1190 721 1330 783 tacia
1349 741 1447 785 aut
1467 726 1562 786 vi-

174 802 317 861 tuli.
423 802 633 860 uminis
686 816 881 862 autem
934 801 1211 862 remediis
1268 802 1563 884 praefertur

178 880 459 941 hinnulei
496 880 805 962 coagulum
823 925 843 955 ,
880 884 1081 942 matris
1110 898 1275 944 utero
1321 883 1563 959 exseffi,

180 978 254 1022 ut
283 961 689 1022 indicavimus
711 959 996 1045 Sanguine
1018 984 1097 1045 qu
1179 985 1253 1023 ue
1277 965 1518 1024 cervino
1537 1008 1561 1040 ‚

182 1040 240 1101 si
284 1040 409 1102 una
444 1058 674 1101 urantur
720 1041 1106 1114 dracontion,
1248 1042 1515 1127 cunilago
1537 1087 1594 1118 ,,

182 1122 260 1183 δι
315 1119 560 1182 anchusa
587 1120 804 1182 lentisci
838 1122 1308 1218 ligno‚contrahi
1337 1121 1565 1205 serpen»

185 1218 285 1262 tes
334 1202 581 1262 tradunt.
621 1201 1153 1283 Dissipar1.deinde
1171 1248 1191 1279 ‚
1220 1205 1269 1265 si
1290 1203 1559 1287 sanguine

187 1281 456 1343 detraao
490 1281 788 1364 adjiciatur
831 1284 1194 1364 pyrethtum'.

266 1362 526 1424 Invenio
573 1363 727 1444 apud
765 1363 1021 1426 auclores
1062 1363 1305 1426 Graecos
1345 1366 1557 1426 animal
1586 1431 1591 1440 ,

186 1464 379 1504 cervo
413 1446 601 1504 minus
617 1489 638 1518 ,
658 1446 722 1505 &
743 1444 863 1525 pilo
888 1446 1124 1507 demum
1147 1446 1337 1508 simile
1355 1491 1375 1520 ,
1393 1447 1557 1529 quod

144 1549 149 1552 ·
187 1524 421 1604 ophion
462 1540 786 1585 vocaretur.
846 1523 1165 1586 Sardiniam
1214 1526 1278 1585 id
1332 1530 1589 1589 tantum.

184 1603 348 1665 ferre
389 1603 633 1665 solitam.
669 1604 811 1664 ,Hoc
849 1604 1115 1667 interiiffe
1154 1606 1398 1669 arbitror
1417 1650 1440 1680 ,
1488 1608 1556 1669 ὃ(

185 1685 335 1746 ideo
371 1685 688 1746 medicinas
736 1705 808 1745 ex
851 1707 925 1747 eo
961 1688 1196 1749 omitto.

280 1784 378 1827 to.
420 1765 567 1848 Apri
609 1767 843 1848 quoque
882 1767 1184 1829 cerebrum
1223 1783 1423 1829 contra
1460 1786 1557 1830 eas

186 1846 452 1908 laudatur
491 1868 626 1908 cum
667 1845 761 1906 san
842 1849 957 1908 ine.
996 1847 1167 1909 Jecur
1197 1851 1374 1931 etiam
1394 1849 1560 1908 inve-

189 1944 442 1988 teratum
490 1949 624 2002 cum
663 1945 755 1987 rut
839 1945 1048 2010 potum
1090 1947 1163 1988 ex
1195 1930 1360 1988 vino.
1406 1926 1558 1990 Item

174 2008 411 2090 adeps,
442 2029 573 2069 cum
625 2007 804 2069 melle
843 2007 1029 2070 resina
1071 2028 1165 2069 ue.
1207 2005 1393 2070 Simili
1421 2030 1556 2071 mo-

194 2089 274 2150 do
308 2091 607 2151 verrinum
638 2086 835 2168 jecur,
873 2091 938 2151 &
979 2088 1037 2151 fe
1081 2091 1129 2152 is
1157 2088 1455 2152 dumtaxat
1477 2089 1555 2152 fi-

191 2169 331 2242 bra,
358 2186 428 2231 x,
464 2187 712 2252 quatuor
803 2171 1060 2245 ondere,
1098 2171 1198 2232 vel
1245 2173 1551 2253 cerebrum

190 2251 254 2310 in
287 2252 432 2311 vino
470 2268 695 2331 potum.
800 2272 1063 2334 aptarum
1103 2272 1285 2314 cornu
1323 2254 1424 2315 vel
1467 2257 1553 2335 pi·

193 2330 262 2391 lis
298 2333 588 2402 accensis,
626 2329 809 2414 fugari
849 2330 1140 2415 serpentes
1179 2333 1377 2394 dicunt
1405 2378 1427 2406 ‚
1465 2337 1551 2393 ci-

192 2430 506 2493 netemque
538 2433 571 2474 e
595 2432 777 2473 cornu
818 2430 1024 2496 potum
1048 2413 1150 2476 vel
1176 2414 1383 2473 illitum
1412 2430 1554 2474 con-

190 2510 278 2554 tra
309 2491 452 2552 ictus
494 2491 726 2555 valere:
759 2494 901 2554 item
936 2493 1095 2556 lactis
1144 2491 1373 2554 haustus
1415 2512 1553 2553 cnm
1593 2550 1596 2553 .

190 2572 306 2636 uva
339 2573 616 2645 taminia,
649 2572 750 2637 vel
785 2577 959 2634 urinae
996 2594 1131 2635 cum
1167 2591 1337 2634 aceto
1384 2571 1551 2631 scilli-
1612 2619 1615 2622 .

188 2671 246 2715 te
273 2676 288 2715 :
315 2653 548 2714 caseum
586 2654 883 2735 caprinum
932 2673 1067 2712 cum
1101 2654 1186 2711 ori
1227 2673 1340 2711 ano
1365 2652 1553 2731 impo-

187 2736 403 2810 situm,
451 2734 554 2795 vel
593 2733 794 2796 sevum
831 2750 964 2792 cum
998 2733 1151 2792 cera.
1253 2731 1368 2791 illia
1399 2752 1548 2812 prae-

183 2832 344 2880 terea
376 2814 782 2877 remediorum
828 2832 901 2874 ex
941 2832 1015 2876 eo
1059 2812 1289 2875 animali
1313 2811 1547 2878 demon-

1140 2892 1304 2958 Giv
