2000 3600
310 260 510 332 HIS
542 278 767 331 Tou.
814 260 960 331 Lib.
986 258 1320 333 XXVIII.
1405 281 1529 358 175

188 379 398 453 vivam,
418 379 622 440 donec
653 376 770 441 ossa
798 379 1019 439 tantum
1045 376 1257 439 restent
1276 398 1292 438 ε
1313 378 1544 460 lupum·

78 493 81 538 5
189 479 252 520 ve
277 462 476 520 vivum
520 461 669 521 oleo
696 459 873 522 cerati
889 459 1075 519 modo
1101 457 1428 522 incoaum:
1452 457 1541 534 fe·

189 557 306 600 vum
326 541 655 616 hircinum,
684 561 819 602 cum
851 540 1113 602 helxines
1138 556 1298 622 parte
1332 539 1533 623 aequa,

193 620 376 701 sinapis
416 621 628 684 tertia:
659 619 784 682 fimi
829 622 1050 701 caprini
1095 623 1349 682 cinerem
1392 640 1531 682 cum

192 701 421 782 axungia.
468 700 644 781 Quin
678 703 744 764 δι
777 699 1115 762 ischiadicos
1146 701 1235 762 uri
1266 699 1366 762 sub
1395 701 1531 796 pol-

194 778 376 841 licibus.
432 783 618 843 edum
652 801 729 844 eo
769 780 911 846 fimo
959 780 1226 844 fervente
1244 822 1264 854 ,
1297 782 1531 842 utilissi-

194 859 272 920 me
303 878 384 921 tra
425 878 550 924 unt.
578 862 978 925 Articulorum
1063 883 1096 925 e
1128 863 1286 925 vitiis
1320 860 1403 923 fel
1436 883 1532 922 ur·

198 940 352 1001 sinum
387 943 752 1005 utilissimum
802 942 914 1004 effe
932 987 953 1016 ‚
1097 942 1315 1024 leporis
1346 941 1531 1022 pedes

195 1018 515 1105 adalligatos.
554 1023 852 1107 Podagras
931 1023 1127 1083 uidem
1148 1023 1392 1104 mitigari
1417 1041 1531 1103 pe-

198 1097 259 1159 de
294 1101 495 1182 leporis
532 1105 795 1167 viventis
818 1102 890 1164 ab
916 1102 1034 1165 ciso
1054 1145 1075 1176 ‚
1100 1104 1149 1162 si
1185 1103 1315 1186 quis
1333 1100 1530 1163 secum

197 1178 400 1243 adsidue
430 1185 664 1247 habeat.
703 1184 1014 1247 Perniones
1044 1183 1269 1245 ursinus
1306 1183 1486 1265 adeps
1504 1224 1527 1256 ,

199 1260 438 1345 tiniasque
527 1266 710 1328 edum
745 1285 951 1325 omnes
990 1262 1194 1325 sarcit:
1231 1260 1527 1326 efficacius

197 1339 406 1404 alumine
424 1288 562 1407 acllli
593 1367 670 1408 o:
701 1343 900 1410 sevum
919 1343 1241 1427 caprinum:
1266 1344 1530 1406 dentium

198 1423 306 1559 Ἓιὶ
328 1421 534 1489 farina:
578 1428 844 1507 aprinum
877 1425 980 1489 vel
1003 1423 1235 1486 suillum
1261 1422 1369 1486 fel:
1390 1443 1526 1486 cum

200 1517 225 1556 ε
259 1502 338 1581 ‘pe
367 1507 578 1600 pulmo
615 1508 918 1587 impositus
944 1526 961 1565 t
999 1507 1109 1567 etsi
1154 1503 1375 1566 subtriti
1409 1507 1525 1565 sint

200 1598 465 1647 contuswe
496 1584 879 1649 offensatione
895 1609 910 1647 τ
935 1587 983 1646 si
999 1585 1145 1647 verb
1158 1583 1340 1647 adusti
1353 1583 1528 1667 frigo-

202 1663 314 1732 re‚l
383 1669 526 1729 otini
553 1669 658 1750 pili
680 1668 839 1728 cinis.
871 1664 1145 1749 Ejusdem
1163 1666 1366 1747 pulmo
1388 1686 1527 1726 con·
1608 1725 1611 1729 ,

202 1683 589 1811 ωείεῗὶίΐεξὶυε
605 1791 626 1821 ,
654 1765 751 1810 aut
773 1746 1061 1831 pulmonis
1082 1748 1240 1809 cinis.
1259 1743 1395 1808 Sole
1420 1743 1527 1805 ad-

200 1819 297 1883 usta
309 1867 325 1897 ‚
341 1825 471 1892 sevo
490 1831 720 1891 asinino
738 1828 1038 1910 aptissime
1058 1842 1327 1887 curantur
1346 1849 1360 1886 ε
1382 1826 1527 1885 item

204 1897 387 1967 bubulo
418 1931 557 1973 cum
588 1907 846 1970 rosaceo.
870 1905 1095 1969 Clavos
1128 1908 1194 1969 δι
1226 1907 1398 1966 rimas
1420 1904 1530 1967 cal·

203 1978 333 2074 lfque
364 1991 500 2052 vitia
519 2034 543 2063 ‚
576 1988 786 2051 fimum
825 2010 859 2048 a
901 1989 949 2047 ri
980 1987 1080 2049 vel
1114 1984 1222 2048 suis
1242 2007 1445 2050 recens
1461 1986 1529 2049 il-

203 2057 368 2141 litum,
391 2091 455 2132 ac
495 2073 679 2133 tertio
711 2070 806 2132 die
864 2068 1087 2143 olutum
1130 2066 1286 2133 sanat
1316 2089 1332 2129 ε
1375 2067 1530 2130 talo-

203 2159 308 2205 rum
337 2150 502 2227 ciuis,
535 2151 739 2233 pulmo
769 2151 1000 2233 aprinus
1017 2194 1042 2222 ,
1066 2166 1163 2213 aut
1186 2147 1375 2213 suillus
1390 2193 1409 2224 ,
1425 2164 1529 2210 aut

204 2229 451 2317 tefvinus.
468 2231 739 2294 Adtritus
774 2233 1299 2297 calceamentorum
1319 2272 1339 2304 ,
1361 2231 1527 2290 urina

207 2308 325 2366 asmi
365 2331 495 2377 cum
533 2311 659 2375 luto
696 2312 801 2374 suo
845 2313 1010 2377 illita.
1043 2308 1282 2374 Clavos
1321 2306 1528 2371 sevum

206 2378 450 2453 bubulum
472 2415 609 2456 cum
630 2393 808 2454 thuris
835 2393 1073 2475 polline.
1099 2390 1412 2453 Perniones
1428 2407 1533 2450 ve·

207 2462 263 2522 ῐὸ
294 2474 503 2535 corium
537 2471 902 2535 combustum
939 2494 954 2533 t
992 2471 1197 2532 melius
1230 2472 1277 2531 si
1303 2490 1377 2531 ex
1412 2488 1531 2530 ve·

206 2554 306 2607 tere
341 2553 762 2616 calceamento:
787 2551 1019 2632 injurias
1052 2571 1087 2611 e
1123 2550 1376 2610 calceatu
1396 2590 1417 2620 ‚
1455 2566 1532 2608 ex

208 2623 321 2688 'oleo
353 2638 492 2696 corii
530 2634 748 2718 caprini
782 2633 943 2693 cinis.
977 2629 1259 2691 Vaticum
1292 2628 1531 2691 dolores

207 2698 338 2770 sedat
367 2712 486 2777 fimi
524 2713 752 2778 vitulini
788 2713 973 2786 cinis,
1011 2728 1150 2771 cut-n
1196 2709 1301 2771 lilii
1339 2707 1532 2772 bulbis

205 2780 445 2857 decoelus
463 2839 488 2872 ,
525 2795 741 2858 addito.
764 2793 938 2858 melle
963 2790 1240 2935 incdit-fix·
1273 2791 1530 2876 itemque

1225 2893 1289 2937 iv
