2000 3600
341 244 531 318 HIS
549 264 746 318 ron.
771 230 920 315 Lib·
943 237 1279 315 XXVIII.
1369 261 1500 337 107

242 361 427 449 ‘Defigi
447 365 686 448 quidem
706 364 841 425 diris
863 361 1370 446 deprecationibus
1401 382 1505 425 ne·

84 465 87 474 ²
184 463 262 507 mo
282 467 388 507 non
413 448 636 508 metuit.
670 445 804 506 Huc
838 446 1095 527 pertinet
1115 464 1367 505 ovorum
1389 489 1411 520 ,
1433 458 1501 507 ut

185 527 495 590 exsorbuerit
516 526 754 610 quisque
767 571 787 600 ‚
811 527 1046 607 calyces
1063 571 1083 600 ‚
1100 526 1501 587 cochlearum·⁸

183 626 299 688 que,
324 610 576 691 protinus
601 606 783 689 frangi
798 652 818 682 ‚
839 624 937 667 aut
961 605 1195 668 eosdem
1232 606 1498 676 cochlea

183 688 306 750 ribus
370 688 624 751 erforari.
658 688 814 748 Hinc
830 683 1136 749 Theocriti
1157 687 1307 767 apud
1330 685 1496 749 Grac

183 787 266 829 cos
281 814 298 841 ,
320 710 524 832 &tulli
558 768 720 852 apud
737 789 846 829 nos
859 811 879 842 ,
898 767 1280 850 proximeque
1302 766 1495 907 Vitii-

182 844 232 908 lii
255 850 794 911 incantamentorum
813 851 1090 909 amatoria
1113 849 1376 909 imitatio.
1458 871 1499 908 ι-

148 955 153 958 ·
186 928 419 1010 glinarutn
458 951 647 1014 opera
678 931 849 991 multi
888 933 1079 1010 rumpi
1119 930 1363 989 credunt
1402 929 1501 990 tali

186 1011 367 1070 modo:
392 1032 507 1073 non
538 1013 718 1093 pauci
741 1012 912 1071 etiam
936 1008 1228 1090 serpentes
1249 1007 1397 1089 ipsas
1413 1027 1505 1068 re·

187 1109 386 1151 canere:
412 1094 472 1154 &
510 1094 675 1153 hunc
722 1111 900 1151 unum
934 1090 1049 1150 illis
1106 1087 1222 1150 ess‘e
1270 1087 1503 1149 intelle-

188 1167 338 1245 ἆσαι,
364 1174 736 1254 contrahique
753 1170 1077 1232 Marsorum
1104 1187 1307 1245 cantu,
1329 1171 1502 1231 etiam

189 1248 237 1309 in
259 1251 505 1314 noRurna
538 1256 763 1336 quiete.
801 1251 987 1313 Etiam
1019 1254 1265 1334 parietes
1298 1253 1505 1312 incen-

189 1329 377 1393 diorum
395 1334 901 1415 deprecationibus
921 1331 1369 1397 conscribuntur.
1390 1332 1509 1415 Nes

193 1429 280 1492 que
314 1412 387 1474 est
417 1414 590 1477 facile
630 1413 819 1488 diem,
857 1429 1096 1474 externa
1119 1413 1301 1474 verba
1329 1431 1387 1474 at
1469 1433 1505 1476 e

192 1489 449 1555 ineffabilia
480 1497 770 1577 abrogent
803 1491 982 1555 fidem
1012 1494 1261 1553 validius
1298 1515 1370 1555 an

192 1572 286 1631 tina
301 1576 579 1657 inopinata
599 1622 617 1648 ,
638 1577 705 1637 ὅ(
725 1596 852 1657 quae
881 1574 1166 1634 irridicula
1185 1571 1378 1636 videri
1401 1595 1507 1636 co·

223 1652 259 1711 't
279 1656 504 1731 animus,
530 1656 765 1737 semper
786 1656 997 1737 aliquid
1024 1654 1365 1716 immensum
1412 1671 1509 1716 ex·

214 1732 429 1813 peQans',
457 1760 526 1800 ac
568 1738 808 1819 dignum
829 1738 945 1796 deo
965 1737 1302 1810 movendo,
1324 1738 1513 1799 immo

196 1817 311 1877 verb
344 1820 493 1900 quod
535 1820 757 1880 numini
793 1819 1068 1898 imperet.
1093 1816 1264 1877 Dixit
1294 1817 1515 1876 Home·

196 1912 301 1970 rus,
356 1899 663 1960 rofluvium
697 1898 792 1958 san
834 1899 982 1957 uinis
1001 1897 1311 1957 vulnerato
1340 1896 1516 1960 femi-

197 1993 256 2035 ne
342 1978 516 2058 yssem
541 1979 765 2040 inhibui
810 1999 845 2039 e
865 1979 1154 2039 carmine:
1176 1976 1350 2039 Theo
1390 1978 1516 2043 hra-

199 2051 321 2131 stuS,
348 2058 677 2123 ischiadicos
722 2058 918 2120 sanari.
957 2056 1109 2121 Cato
1144 2059 1313 2141 prodi
1356 2078 1401 2122 lt
1427 2060 1514 2127 lu·

198 2139 317 2198 ratis
346 2142 612 2203 membris
642 2161 872 2201 cannen
908 2141 1175 2202 auxiliare
1198 2186 1219 2216 ,
1260 2141 1351 2204 M.
1371 2142 1530 2203 Var-'

200 2220 524 2306 mpodagris.
539 2220 1178 2284 Caesarem'diflatorem
1194 2220 1323 2304 post
1334 2244 1517 2286 unum

201 2300 466 2381 ancipitem
497 2304 748 2364 vehiculi
782 2302 971 2364 casum
990 2348 1011 2377 ,
1035 2302 1226 2365 ferunt
1246 2302 1473 2385 semper
1493 2346 1515 2381 ,

145 2458 151 2469 „
202 2393 257 2437 ut
286 2384 511 2457 primum
537 2381 909 2456 consedisset,
939 2385 1000 2444 id
1029 2383 1191 2467 quod
1209 2372 1519 2466 plerosque

203 2475 330 2520 nunc
362 2461 542 2533 facere
566 2464 808 2540 scimuS,
850 2467 1103 2527 carmine
1142 2482 1234 2527 ter
1268 2466 1522 2544 repetito

203 2534 519 2607 securitatem
554 2548 826 2615 itinerum
857 2546 1128 2626 aucupari
1166 2544 1424 2603 solitum.

269 2617 338 2683 V.
372 2624 535 2688 Libet
566 2628 716 2686 hanc
747 2642 972 2705 partem
1006 2626 1090 2683 sin
1170 2623 1362 2682 lorum
1383 2639 1525 2703 quo·

203 2718 299 2780 que
336 2707 673 2769 conscientia
698 2723 1032 2802 coarguere.
1060 2643 1184 2764 (ffi-
1222 2705 1374 2762 enim
1409 2702 1526 2785 pti}

199 2794 343 2846 num
378 2792 507 2852 anni
556 2788 885 2870 incipientis
926 2786 1086 2851 diem
1129 2784 1285 2932 {³¹³5
1327 2798 1529 2868 preci}

1218 2887 1283 2948 vj
1323 2878 1344 2893 “
