2000 3600
392 167 585 238 st
609 183 821 239 ron.
843 166 992 240 Lib.
1016 165 1345 241 xxvm.
1427 191 1556 266 133
1628 274 1635 281 ⁶

200 285 440 360 ‚cerebro
479 286 709 369 hyaenae
738 287 1006 348 illinatur.
1045 286 1204 349 Pilos
1246 289 1423 351 etiam
1456 291 1564 350 ati·

209 366 344 430 ferri
386 368 493 430 hac
530 370 958 449 compositione
996 367 1184 441 illita,
1218 386 1316 430 aut
1359 389 1469 450 per
1506 368 1569 431 se

206 445 388 520 felle,
426 448 645 510 evulsis
680 451 834 529 prius
872 470 1021 530 quos
1061 448 1275 511 renasci
1325 471 1446 509 non
1488 450 1564 510 11·

207 527 359 588 beat.
404 527 494 589 Sic
537 529 603 589 δι
640 528 927 611 palpebris
951 530 1360 591 inutilestolli.
1384 530 1566 592 Lum»

206 607 413 671 borum
428 608 728 669 doloribus
760 629 965 670 carnes
979 630 1014 670 e
1041 610 1249 672 lumbis
1266 611 1558 686 edendas,

207 687 614 771 illinendasque
661 711 795 750 cum
828 690 991 751 oleo.
1015 688 1380 752 sterilitatem
1426 712 1560 754 mu-

210 770 417 829 lierum
447 769 742 831 emendari
762 812 785 844 ,
821 770 993 834 oculo
1032 792 1163 832 cum
1201 771 1334 853 glyc
1384 771 1563 832 rrhiza

207 851 277 911 ὅ(
312 851 513 911 anetho
542 849 774 932 sumpto
802 853 862 910 in
890 851 1068 927 cibo,
1103 855 1292 933 promi
1339 872 1378 911 o
1416 854 1564 914 intra

210 930 456 991 triduum
493 949 803 1012 conceptu.
842 928 1070 993 Contra
1107 931 1418 993 noosturnos
1451 954 1557 1014 pa·

210 1031 388 1072 votes
409 1012 851 1093 umbrarumque
884 1028 1202 1083 terrorem,
1221 1033 1372 1073 unus
1390 1032 1423 1072 e
1447 1033 1567 1072 ma-

211 1092 339 1173 gnis
379 1090 635 1153 dentibus
659 1092 783 1151 lino
806 1091 1067 1175 alligatus
1088 1088 1416 1156 succurrere
1439 1113 1569 1152 nar-

213 1172 680 1233 ratur.Furentes
723 1169 900 1232 suffiri
936 1172 1184 1247 eodem,
1219 1174 1284 1235 8(
1316 1174 1572 1233 circum·-

209 1251 373 1335 ligari
401 1270 526 1314 ante
564 1252 762 1333 peetus
779 1297 798 1324 ,
839 1274 972 1314 cum
1001 1253 1169 1336 adipe
1190 1257 1442 1326 renium,
1460 1271 1560 1315 aut

214 1329 504 1413 jocinere,
556 1350 657 1393 aut
711 1331 862 1414 pelle
915 1337 1273 1416 praecipiunt.
1330 1334 1568 1397 Mulieri

215 1413 451 1474 candida
482 1436 518 1474 a
550 1412 782 1495 pectore
800 1413 1024 1494 hyaenae
1045 1435 1178 1475 caro
1196 1460 1217 1489 ‚
1234 1415 1300 1477 &
1321 1415 1419 1495 pili
1439 1413 1565 1496 sep-

214 1509 337 1556 tem
358 1539 381 1566 ,
410 1496 473 1556 &
509 1494 756 1577 genitale
789 1496 978 1567 cervi,
1016 1497 1063 1554 si
1107 1495 1394 1577 illigentur
1429 1496 1569 1556 dor-

218 1574 371 1635 cadis
394 1574 577 1657 pelle,
608 1574 766 1635 collo
795 1572 1053 1656 suspensa
1073 1619 1095 1648 ,
1128 1576 1423 1637 continere
1444 1596 1570 1658 par-

216 1670 306 1726 tus
350 1657 776 1737 promittuntur.
818 1654 1117 1716 Venerem
1153 1654 1438 1716 stimulare
1463 1677 1570 1738 ge·-

218 1735 399 1796 nitalia
454 1736 529 1796 ad
581 1733 749 1796 sexus
788 1732 918 1796 suos
971 1738 1032 1795 in
1080 1737 1258 1799 melle
1305 1733 1426 1795 sum
1474 1755 1569 1810 ta,

220 1819 437 1879 etiamsi
461 1817 573 1877 viri
588 1816 895 1877 mulierum
921 1819 1110 1877 coitus
1138 1816 1385 1876 oderint.
1474 1818 1572 1879 uin

220 1896 393 1961 immo
440 1900 616 1961 totius
655 1895 863 1958 domfis
903 1896 1280 1957 concordiam
1303 1940 1324 1969 ‚
1358 1897 1571 1959 eodem

220 1977 441 2059 genitali
478 1981 545 2040 ὅ(
583 1977 824 2038 articulo
934 1977 1043 2037 inae
1076 1997 1209 2037 cum
1243 1976 1569 2039 adhaerente

216 2063 375 2120 corio
409 2059 719 2121 adservatis
754 2077 868 2118 con
921 2078 1048 2118 are:
1075 2056 1227 2139 hunc
1259 2057 1433 2141 spinae
1480 2081 1572 2123 ar.-

223 2140 448 2201 ticulum
471 2183 493 2214 ,
527 2141 652 2200 sive
686 2138 947 2213 nodum,
988 2137 1296 2200 Atlantion
1328 2156 1568 2217 vocant:

222 2217 297 2280 est
321 2238 518 2281 autem
553 2220 790 2301 primus.
833 2217 900 2280 In
936 2216 1316 2280 comitialium
1376 2242 1453 2281 uo
1498 2239 1572 2280 ue

223 2301 484 2362 remediis
503 2300 715 2360 habent
740 2320 895 2362 eum.
930 2298 1126 2380 Adipe
1154 2321 1329 2360 accen
1355 2320 1426 2372 o,
1483 2319 1574 2358 er·

219 2399 411 2459 pentes
429 2380 612 2463 fugari
631 2381 842 2442 dicunt.
864 2378 1106 2441 Maxilla
1129 2379 1487 2441 comminuta
1512 2381 1582 2437 in

220 2461 381 2523 aneso
403 2508 422 2536 ,
464 2463 531 2523 &
568 2464 628 2521 in
666 2460 798 2522 cibo
835 2458 1394 2540 sumpta,horrores
1410 2456 1575 2518 sedav-

220 2541 281 2601 ri.
316 2542 547 2604 Eodem
599 2539 789 2602 suffitu
823 2540 1133 2603 mulierum
1170 2536 1402 2598 menses
1427 2555 1573 2598 evo·-

220 2624 339 2684 cari.
360 2622 743 2704 Tantumque
758 2618 840 2681 est
852 2620 1164 2688 vanitatis,
1189 2635 1254 2677 ut
1272 2618 1326 2676 si
1342 2614 1413 2674 ad
1439 2615 1571 2677 bras

215 2700 689 2793 slliumalligetur
710 2698 1012 2783 superioris
1034 2696 1205 2763 rostri
1222 2696 1572 2783 dextraepatff
