2000 3600
472 263 625 354 '²54
738 252 1252 363 CnPLU's'
1304 247 1700 321 Nar-vn.

480 374 576 438 fio
623 390 868 453 corpore
922 389 1123 431 earum
1175 382 1413 450 oportet
1436 411 1456 441 ‚
1497 388 1640 429 mox
1674 367 1735 430 &
1765 365 1816 430 in

481 455 663 539 pruna
694 451 939 525 torreri,
972 450 1159 510 nihilo
1202 449 1443 524 addim,
1484 466 1657 531 atque
1694 450 1764 508 ita
1785 467 1816 510 e

480 539 622 597 vino
660 552 920 617 garoque
950 530 1139 603 sumi,
1180 531 1477 613 praecipue
1526 529 1817 591 Africanas,

475 615 685 698 Nuper
715 615 842 676 hoc
888 628 1254 693 compertum
1277 611 1539 694 piurimis
1561 608 1815 694 prodess'e.

476 695 547 758 Id
579 717 818 780 quoque
859 694 1208 768 observant„
1248 710 1312 754 ut
1350 714 1598 754 numero
1639 692 1815 775 impari

474 777 794 840 sumantur.
825 776 1005 838 Virus
1046 793 1244 836 tamen
1278 795 1476 835 earum
1508 775 1815 859 gravitatem

478 859 690 928 halitus
741 857 895 919 facit.
950 857 1190 918 Prosunt
1243 857 1309 918 &
1355 855 1680 938 sanguinem
1730 873 1815 914 ex-

482 938 874 1012 screantibus,
918 937 1159 1020 dempta
1197 935 1345 998 testa
1387 940 1539 998 tritae
1576 940 1633 998 in
1676 955 1816 1018 aquae

486 1040 656 1105 potu.
695 1021 1134 1083 Laudatissimae
1152 1036 1345 1079 autem
1377 1017 1507 1080 sunt
1528 1017 1819 1079 Africanae:

486 1125 566 1165 ex
596 1102 685 1164 his
720 1101 1026 1163 Solitanae:
1067 1099 1473 1182 Astypalaeicae
1494 1146 1517 1175 ‚
1557 1103 1619 1163 &
1639 1097 1818 1159 Sicula

480 1184 771 1258 modicae,
805 1185 1078 1264 qnoniam
1129 1181 1468 1265 magnitudo
1518 1180 1683 1241 duras
1707 1179 1821 1240 facit

484 1267 555 1327 δι
593 1266 715 1325 sine
759 1261 930 1325 succo
950 1284 978 1322 t·
1008 1262 1354 1334 Balearicae,
1391 1283 1532 1345 quas
1569 1264 1822 1324 cavaticas

480 1360 697 1407 vocant
716 1389 736 1418 ‚
776 1346 1053 1426 quoniam
1090 1345 1150 1403 in
1196 1342 1481 1427 speluncis
1527 1341 1822 1405 nascuntur.

479 1425 754 1488 Laudatae
792 1428 857 1488 &
902 1445 977 1487 ex
1018 1422 1251 1500 insulis,
1286 1423 1664 1506 Caprearum.
1695 1421 1826 1486 Nul-

479 1507 558 1569 lae
595 1524 795 1567 autem
829 1507 973 1567 cibis
997 1523 1171 1646 {rata
1187 1550 1212 1578 ,
1246 1527 1443 1588 neque
1465 1525 1726 1580 veteres,
1744 1523 1827 1565 ne·

481 1608 601 1670 que
627 1605 910 1650 recentes,
954 1586 1001 1648 F
1023 1587 1290 1649 uviatiles
1325 1589 1390 1650 &
1410 1587 1556 1650 albae
1580 1585 1828 1650 virusha-

481 1669 669 1731 bent:
707 1690 815 1730 nec
853 1666 1143 1729 silvestres
1184 1666 1486 1729 stomacho
1522 1669 1723 1741 utiles,
1755 1665 1830 1727 al-

482 1772 628 1815 vum
664 1750 912 1816 solvunt.
941 1749 1107 1813 Item*
1139 1769 1344 1811 omnes
1390 1751 1649 1814 minutae.
1689 1747 1833 1812 Con'-

478 1833 572 1896 tra
604 1835 838 1896 marinae
876 1830 1172 1896 stomacho
1192 1832 1450 1892 utiliores
1471 1856 1491 1893 τ
1529 1830 1835 1895 efficacissi-

384 1941 388 1946 ·
484 1936 601 1977 mae
639 1933 838 1976 tamen
873 1915 933 1975 in
963 1912 1169 1975 dolore
1204 1911 1503 1975 stomachi.
1543 1914 1837 1975 Laudatio-

483 2015 579 2055 res
606 1996 906 2057 traduntur
939 2015 1318 2079 quaecumque
1337 1997 1495 2056 vivae
1529 2018 1661 2057 cum
1685 2011 1837 2056 aceto

486 2075 805 2138 devoratae.
839 2076 1119 2138 Praeterea
1153 2075 1283 2137 sunt
1312 2098 1441 2159 quae
1477 2094 1713 2139 aceratae
1744 2097 1839 2138 vo-

486 2173 728 2229 cantum
768 2157 930 2230 latae,
972 2155 1347 2218 multifariam
1398 2156 1692 2220 nascentes
1719 2203 1743 2235 ,
1774 2156 1842 2218 de

483 2256 729 2319 quarum
774 2234 877 2296 usu
927 2233 1037 2297 suis
1077 2237 1341 2299 dicemus
1378 2238 1552 2302 locis.
1592 2239 1841 2303 Gallina-

486 2337 731 2378 ceorum
785 2319 1007 2379 ventris
1047 2319 1389 2388 membrana
1422 2322 1737 2382 inveterata
1781 2319 1842 2381 &

483 2396 734 2480 inspersa
769 2400 997 2481 potioni
1047 2399 1462 2463 destillationes
1491 2401 1740 2485 peRoris
1784 2401 1844 2462 &

482 2479 778 2543 humidam
826 2482 1066 2556 tussim,
1111 2481 1213 2543 vel
1251 2501 1461 2543 recens
1507 2481 1658 2545 tosta
1694 2484 1845 2544 lenit.

483 2560 764 2626 Cochleae
816 2562 1010 2623 crudae
1062 2565 1209 2623 tritae
1260 2583 1398 2624 cum
1442 2585 1607 2648 aquae
1639 2563 1841 2645 tepida

482 2666 517 2705 c
567 2645 710 2705 athis
744 2642 923 2705 tribus
939 2647 986 2706 si
1001 2644 1374 2718 sorbeantur,
1410 2649 1618 2707 tussim
1632 2644 1842 2708 sedant.

482 2666 924 2786 destillationes
960 2725 1123 2787 sedat
1163 2726 1229 2788 &
1266 2728 1466 2786 canina
1498 2728 1648 2787 cutis
1693 2726 1848 2786 cuili-

480 2804 584 2862 I>et
620 2805 803 2884 digito
843 2806 1213 2866 circumdata.
1252 2805 1390 2868 Jur'e
1422 2808 1730 2889 perditum
1744 2804 1848 2871 sto·

468 2881 708 2944 machus
724 2901 1035 2946 recreatur.
