2000 3600
338 252 475 326 Hs
497 269 542 325 ‘s
568 272 618 324 ’.ν
640 273 688 325 ο
708 248 782 324 it'.
828 252 975 326 Lib.
1001 249 1343 329 XXVIII.
1428 276 1551 353 109

209 381 343 436 mur.
380 374 451 435 In
495 366 798 437 adorando
843 375 1142 436 dexteram
1184 376 1261 436 ad
1304 374 1561 438 osculum

196 451 495 516 -r'eferimus
520 499 541 529 ,
595 472 899 537 totumque
955 476 1167 536 corpus
1217 459 1565 541 circumagi·

207 539 361 598 inus:
391 535 559 618 quod
601 536 664 595 in
707 537 920 596 laevum
957 534 1152 597 feciss‘e
1174 581 1195 611 ‚
1215 534 1440 598 Galliae
1470 557 1566 598 re-

209 616 445 697 ligiosius
464 616 1036 699 creduntAEulgetras
1057 616 1402 699 poppysmis
1422 617 1565 680 ado·

211 716 357 768 rare,
387 695 706 757 consensus
751 698 1009 779 gentium
1050 696 1154 758 est.

283 775 555 837 Incendia
590 779 744 837 inter
787 778 984 856 epulas
1028 779 1316 839 nominata
1333 822 1355 851 ‚
1398 778 1561 860 aquis

210 853 302 916 sub
335 856 559 917 mensas
613 854 864 939 profusis
909 859 1328 919 abominamur.
1374 857 1563 920 Rece-

219 936 373 998 dente
397 938 597 1019 aliquo
622 938 696 997 ab
722 938 907 1018 epulis
926 982 946 1011 ,
966 939 1135 998 simul
1158 941 1313 1000 verri
1341 936 1559 1001 solum:

219 1031 304 1098 aut
329 1018 561 1078 bibente
602 1019 896 1090 conviva,
928 1017 1188 1079 mensam
1208 1018 1308 1081 vel
1349 1021 1567 1099 reposi-

221 1097 410 1157 torium
441 1099 575 1159 tolli
602 1142 623 1171 ‚
657 1097 1232 1178 inauspicatissimum
1265 1095 1564 1178 judicatur.

224 1174 387 1238 Servii
416 1177 664 1261 Sulpicii
693 1180 964 1260 principis
1004 1180 1111 1240 viri
1152 1181 1567 1240 commentatio

222 1254 326 1331 est,
345 1261 729 1340 quamobrem
766 1258 961 1320 mensa
983 1260 1290 1342 linquenda
1310 1280 1429 1320 non
1452 1261 1525 1321 sit
1545 1283 1564 1322 x

223 1339 460 1399 nondum
499 1342 667 1401 enim
701 1339 892 1421 plures
913 1384 933 1413 ‚
972 1340 1146 1422 quam
1169 1342 1436 1403 convivae
1455 1361 1565 1401 nn·-

224 1417 594 1482 inerabantur.
645 1418 801 1481 Nam
851 1419 1244 1481 sternumento
1300 1422 1567 1482 revocari

229 1494 483 1560 fercuium
501 1499 891 1574 ·mensamve‚
918 1503 964 1561 si
1003 1522 1120 1562 non
1153 1499 1352 1582 postea
1378 1500 1569 1581 guste-

231 1578 387 1638 ‘turali
427 1583 524 1641 uid
541 1627 566 1655 ‚
589 1583 737 1641 inter
756 1581 905 1641 diras
926 1582 1189 1653 habetur,
1208 1598 1306 1642 aut
1325 1583 1570 1642 omnino

230 1676 338 1718 non
371 1680 399 1720 e
446 1682 497 1722 e.
531 1661 683 1722 Haec
719 1659 1011 1723 instituere
1042 1663 1157 1734 illi,
1179 1663 1277 1744 qui
1301 1661 1580 1722 omnibus

235 1741 453 1822 negotiis
483 1741 756 1824 horisque
775 1741 1037 1805 interess'e
1069 1741 1378 1805 credebant
1398 1742 1573 1802 deos:

234 1818 295 1878 δε
323 1821 448 1884 ideo
485 1824 747 1905 placatos
788 1826 964 1884 etiam
998 1826 1158 1884 vitiis
1187 1822 1394 1882 nostris
1444 1822 1576 1880 reli-

235 1919 480 1978 querunt.
509 1902 682 1983 Quin
704 1905 847 1966 &re
892 1903 1028 1963 ente
1046 1900 1426 1963 conticescere
1444 1904 1579 1961 con'-

237 1980 437 2042 '‘vivinm
454 1984 793 2045 adnotatum
809 2002 841 2043 e
906 2026 930 2055 ,
951 2003 1072 2042 non
1090 1984 1199 2043 nisi
1214 1983 1274 2042 in
1291 1983 1411 2064 pari
1434 2002 1576 2064 prae-

239 2055 454 2123 sentium
486 2084 771 2125 numero:
801 2061 961 2145 isque
978 2061 1144 2125 famae
1175 2063 1340 2124 labor
1358 2061 1440 2123 est
1456 2107 1474 2136 ‚
1498 2063 1575 2124 ad

238 2157 642 2228 quemcumque
659 2144 863 2205 eorum
876 2145 1185 2226 pertinens.
1204 2142 1387 2206 Cibus
1401 2147 1576 2205 etiam

242 2226 275 2277 'e
295 2241 452 2284 manu
481 2223 776 2307 prolapsus
809 2225 1187 2299 reddebatur,
1226 2227 1427 2306 utique
1469 2244 1579 2305 per

243 2300 482 2365 mensas:
522 2306 909 2388 vetabantque
962 2307 1365 2369 munditiarum
1407 2302 1580 2365 causa

244 2377 461 2446 deflare.
496 2385 570 2447 Et
599 2385 723 2446 sunt
751 2386 984 2447 condita
1022 2388 1287 2469 auguria,
1322 2384 1464 2465 quid
1490 2384 1584 2442 lo·

245 2462 427 2538 quenti
456 2468 807 2548 cogitantive
828 2467 888 2528 id
908 2468 1181 2528 acciderit
1205 2467 1394 2527 :inter
1429 2461 1583 2522 exse·

246 2544 542 2606 cratissima
562 2549 644 2620 ‚si
673 2545 932 2627 pontifici
965 2548 1186 2607 accidat
1225 2545 1371 2603 dicis
1414 2540 1581 2601 causa

247 2623 507 2700 epulanti.
545 2625 617 2686 In
651 2626 852 2685 mensa
873 2626 1074 2719 utique
1096 2624 1159 2683 id
1177 2642 1240 2681 re
1285 2620 1385 2679 oni
1401 2662 1419 2691 ,
1440 2620 1587 2681 ado-

251 2696 455 2784 lerique
485 2706 559 2765 ad
584 2704 794 2764 Larem
812 2747 832 2776 ‚
861 2705 1041 2784 piatio
1060 2701 1163 2764 est.
1263 2698 1587 2762 edicamen·

251 2793 306 2871 {a
319 2822 342 2859 ,
380 2784 705 2868 priusquam
721 2783 1125 2863 adhibeantur,
1148 2784 1211 2845 in
1246 2782 1441 2848 mensa
1462 2781 1583 2865 sor-
1664 2775 1668 2778 ’
