2000 3600
501 235 654 334 ²236
752 238 822 308 C.
871 236 1240 313 Pztntr
1289 220 1686 305 Nan-vu:

518 378 595 419 eo
631 354 894 416 remedio
932 350 1113 412 sanari
1136 373 1152 412 ε
1179 366 1277 412 aut
1314 351 1362 410 si
1398 352 1620 411 terreni
1643 362 1867 415 verme&
1939 360 1941 397 ¹

509 456 641 499 cum
684 435 858 517 adipe
923 431 1134 492 anseris
1188 430 1412 491 decoffi
1474 430 1877 491 infundantur:
1940 432 1941 463 ᾗ

506 515 658 585 Item
685 530 776 576 lex
818 513 1119 573 arboribus
1154 512 1311 572 rubri
1333 512 1469 572 oleo
1497 513 1626 571 triti
1654 511 1867 571 exulcess
1940 522 1941 527 ’

506 592 677 664 ratis,
708 597 775 656 &
815 596 995 674 ruptis
1036 594 1265 653 auribus
1320 591 1594 672 praeclare
1643 591 1873 652 medea:

508 691 624 736 tur.
640 675 870 736 Lacerti
884 675 1190 734 inveterati
1209 675 1267 731 in
1287 694 1356 732 os
1376 673 1758 753 pendentium
1770 670 1867 730 ad·-

509 757 640 817 dito
677 755 792 815 sale
812 802 830 824 ,
864 752 1158 827 contusas,
1192 754 1256 814 &
1297 753 1370 812 ab
1403 752 1515 813 ictu
1537 750 1696 812 laesas
1717 756 1873 811 aures'

510 834 743 899 sanant:
769 832 1159 896 efficacissime
1172 850 1365 893 autern
1385 832 1740 915 ferrugineas
1759 848 1875 891 mad·

510 916 670 977 culas
689 916 992 985 habentes,
1017 914 1181 974 lineis
1203 916 1378 973 etiam
1404 932 1514 994 per
1536 913 1773 975 caudam
1791 911 1865 979 diffv

514 994 718 1058 stinffi.
761 995 1109 1075 Millepeda,
1145 993 1217 1053 ab
1253 993 1378 1053 aliis
1417 994 1756 1075 centipeda,
1778 996 1869 1052 aut*

516 1076 842 1158 multipeda
897 1074 1043 1136 dieta
1062 1119 1085 1147 ,
1128 1073 1334 1135 animal
1376 1073 1460 1135 est
1506 1095 1542 1135 e
1582 1075 1869 1135 vermibus

517 1173 686 1219 terrae
701 1199 720 1229 ,
741 1154 985 1236 pilosum
998 1200 1019 1229 ,
1036 1156 1229 1214 multis
1240 1154 1486 1236 pedibus
1505 1157 1772 1216 arcuatim
1790 1162 1867 1213 tei

515 1258 661 1320 pens
674 1279 698 1308 ,
714 1235 976 1318 taQuque
993 1236 1334 1296 contrahens
1351 1232 1407 1294 se
1428 1258 1444 1297 t
1465 1235 1708 1297 oniscon
1721 1231 1869 1295 Graess

514 1319 572 1378 ci
602 1332 849 1388 vocant,
880 1316 975 1375 alii
1009 1316 1216 1396 tylon:
1240 1313 1538 1376 efficacem
1560 1331 1781 1376 narrant
1797 1311 1869 1381 ad'

511 1401 738 1458 aurium
776 1394 1014 1456 dolores
1031 1439 1056 1466 ,
1074 1398 1136 1455 in
1164 1398 1381 1456 cortice
1402 1395 1606 1456 Punici
1629 1395 1758 1456 mali
1777 1394 1866 1453 de·

515 1477 747 1538 coctum
767 1521 787 1550 ‚
814 1476 880 1537 &
915 1478 1074 1558 porri
1103 1473 1290 1537 succo.
1339 1475 1590 1537 Addunt
1630 1477 1696 1538 &
1732 1473 1871 1534 rosa-f

516 1576 733 1628 ceum,
780 1556 844 1616 &
871 1560 935 1616 in
969 1556 1206 1617 alteram
1234 1577 1431 1617 aurern
1453 1557 1777 1618 infundunt.
1797 1552 1863 1614 ss·

515 1637 636 1699 lam
680 1653 873 1698 autem
910 1659 1040 1718 quae
1065 1658 1183 1697 non
1212 1656 1513 1712 arcuatur,
1551 1636 1688 1733 sepa
1708 1634 1869 1697 Grae-⁴

520 1719 577 1781 ci
625 1735 874 1788 vocant,
912 1718 1007 1778 alii
1046 1715 1484 1799 scolopendram
1503 1763 1526 1795 ,
1553 1718 1867 1787 rmnoremi

518 1797 1037 1883 perniciosamque.
1058 1795 1331 1859 Cochleae
1347 1844 1368 1872 ,
1390 1821 1521 1883 quae
1546 1799 1673 1861 sunt
1695 1801 1753 1859 in
1773 1794 1867 1857 usu·

521 1880 676 1952 cibi,
719 1902 856 1940 cum
892 1880 1164 1962 myrrha,
1200 1897 1298 1940 aut
1319 1881 1498 1943 thuris
1585 1881 1758 1942 olline
1776 1876 1867 1938 ad·

521 1963 767 2041 positae:
794 1964 933 2021 item
956 1962 1188 2021 minutae
1207 2006 1226 2036 ,
1253 1961 1317 2021 &
1333 1962 1460 2022 latae
1478 2005 1497 2035 ,
1572 1961 1768 2021 afluris
1783 1959 1866 2018 au·'

509 2042 668 2104 ,rium
709 2040 1005 2101 illinuntur
1044 2062 1177 2102 cum
1217 2041 1408 2103 melle.
1450 2040 1726 2103 Senectus
1761 2037 1864 2100 ser-

565 2120 782 2179 entium
812 2118 1077 2182 fervente
1114 2120 1261 2182 testa
1295 2121 1450 2193 usta,
1472 2121 1766 2183 instillatur
1784 2140 1862 2179 ro·

516 2138 685 2260 faceo
726 2198 1019 2274 admixto,
1049 2218 1251 2262 contra
1285 2204 1481 2263 omnia
1516 2204 1755 2286 quidem
1778 2199 1863 2262 vi·

519 2278 601 2339 tia
637 2275 841 2338 efficax
859 2322 879 2351 ‚
906 2278 1006 2341 sed
1030 2300 1235 2343 contra
1255 2281 1714 2365 graveolentiam
1730 2301 1863 2364 prae·

521 2360 727 2440 cipue:
759 2377 856 2420 aut
883 2361 930 2420 si
969 2362 1291 2441 purulentae
1334 2363 1457 2444 sunt
1486 2410 1508 2438 ‚
1550 2385 1628 2425 ex
1680 2378 1860 2423 aceto:

521 2440 729 2501 melius
762 2462 896 2501 cum
933 2441 1070 2504 felle
1111 2465 1178 2504 ca
1221 2447 1346 2505 rino
1383 2444 1485 2506 vel
1511 2445 1865 2517 bubulo‚aut

521 2519 819 2583 testudinis
865 2525 1117 2584 marinae.
1209 2524 1443 2586 etustior
1478 2547 1634 2587 anno
1676 2523 1858 2586 eadem

523 2603 860 2663 membrana
894 2625 1014 2665 non
1046 2603 1281 2685 prodest
1303 2650 1325 2679 ,
1366 2626 1472 2665 nec
1509 2607 1698 2668 imbre
1742 2621 1863 2685 per-

524 2679 678 2757 fusa,
721 2702 784 2745 ut
832 2683 1005 2768 aliqui
1041 2700 1258 2765 putant.
1296 2686 1448 2747 Item
1478 2689 1674 2747 aranei
1701 2683 1861 2745 saniei

517 2780 658 2835 §um
681 2761 951 2842 rosace0,
974 2781 1071 2828 aut
1100 2786 1204 2849 per
1233 2764 1292 2829 se
1331 2767 1392 2828 in
1433 2766 1601 2846 lana,
1625 2767 1725 2833 vel
1744 2779 1862 2828 cum
