2000 3600
541 223 729 298 st
750 241 959 298 ron.
987 222 1423 299 Lib.XXVI.
1557 250 1609 323 9

241 344 485 409 &iones
525 345 724 431 illitus·
783 344 1063 415 Morbum
1115 365 1354 443 quoque
1391 344 1614 429 regium

248 448 385 489 cum
412 426 592 488 melle
623 423 779 487 sanat
805 446 909 487 ore
936 426 1082 487 illito
1100 471 1119 500 ‚
1148 427 1213 488 &
1234 426 1450 510 lingua.
1483 425 1613 507 Qui

218 510 327 569 ita
360 526 633 571 curantur
663 552 680 577 ,
725 504 868 568 salsa
916 506 1093 569 lavari
1128 504 1437 587 jubentur,
1470 507 1613 593 ungi

237 588 386 649 oleo
412 609 560 670 amy
599 586 792 648 dalino
808 631 831 659 ,
850 587 1157 648 hortensiis
1178 585 1480 651 abstinere.
1504 587 1610 649 Ad

239 669 504 730 lichenas
557 607 624 730 ἓ(
670 668 910 750 thapsiae
944 667 1139 729 radice
1188 685 1426 729 utuntur
1474 668 1610 732 trita

219 768 381 813 cum
420 748 613 809 melle.
678 782 685 792 ·
994 765 999 769 ·

325 827 440 891 XI.
461 828 712 911 Anginae
746 826 1078 911 argemonia
1098 827 1365 891 medetur
1385 826 1610 913 sumpta

242 929 324 973 ex
358 910 548 972 vino:
588 905 900 991 hyssopum
935 930 1070 971 cum
1106 910 1253 972 vino
1301 908 1608 972 decoctum

242 992 316 1055 &
359 990 770 1085 gargarizatum
797 1011 812 1050 ε
846 990 1247 1071 peucedanum
1302 1010 1435 1051 curn
1473 1011 1609 1053 coa·

226 1071 392 1154 ,gulo
421 1070 595 1132 vituli
624 1070 825 1131 marini
854 1072 1031 1152 aequis
1073 1070 1342 1150 partibus.
1382 1068 1612 1132 Proser·

243 1154 455 1234 pinaca
498 1170 632 1210 cum
673 1150 857 1210 muria
897 1170 968 1210 ex
1007 1152 1208 1211 maenis
1238 1150 1303 1212 δι
1344 1151 1485 1212 oleo
1509 1151 1609 1212 tri·

230 1249 350 1304 :ta‚
377 1231 478 1293 vel
512 1229 613 1290 sub
654 1230 844 1313 lingua
880 1230 1090 1291 habita.
1127 1229 1275 1292 Item
1307 1229 1507 1292 succus
1528 1231 1603 1293 de

226 1360 231 1365 .
292 1309 658 1393 uinquefolio
678 1354 700 1382 ,
745 1328 916 1391 potus
974 1311 1196 1392 cyathis
1238 1310 1442 1373 tribus.
1494 1312 1608 1375 Hic

224 1334 321 1456 ἓ(
350 1392 621 1454 omnibus
653 1389 902 1451 faucium
938 1392 1096 1452 vitiis
1130 1391 1396 1452 medetur
1522 1411 1611 1475 ga·

236 1474 463 1537 rizatus
500 1491 518 1531 z
570 1469 905 1533 verbascum
950 1473 1221 1554 privatim
1260 1474 1410 1535 tons'
1458 1474 1506 1534 is
1548 1477 1610 1534 in

245 1553 403 1636 aqua
448 1568 676 1633 potum.

333 1631 472 1694 XII.
518 1652 571 1713 5.
628 1631 869 1694 Strumis
909 1633 1182 1718 plantago
1224 1653 1242 1694 z
1282 1632 1607 1703 chelidonia

247 1735 389 1777 cum
413 1713 586 1775 melle
606 1714 670 1776 &
688 1715 964 1797 axungia:
1000 1712 1461 1797 quinquefolium
1485 1738 1501 1775 ι
1524 1734 1619 1773 ra·-

232 1795 353 1864 ,dix
431 1792 723 1868 ersolatae,
759 1797 901 1859 item
929 1816 1065 1855 cum
1096 1796 1342 1875 axungia
1366 1838 1387 1868 ‚
1421 1792 1613 1876 operi-

234 1892 350 1943 ,πω
383 1816 528 1938 folio
560 1874 663 1938 suo
696 1877 988 1957 imposita.
1009 1874 1157 1935 Item
1182 1875 1498 1936 artemisia:
1518 1895 1612 1936 ra-

230 1958 362 2018 dix
398 1956 791 2039 mandragorae
820 1975 892 2016 ex
932 1955 1098 2036 aqua.
1133 1952 1391 2017 Sideritis
1412 1955 1609 2017 latifo-

230 2037 333 2099 Jia
354 2079 374 2110 ,
403 2035 570 2099 clavo
613 2034 832 2098 sinistra
871 2057 1042 2097 manu
1078 2036 1437 2098 circumfoss'a
1457 2038 1610 2099 adal·

236 2117 501 2201 ligatum·
526 2115 900 2179 custodienda
937 2116 1177 2190 sanatis,
1217 2137 1292 2178 ne
1319 2116 1506 2180 rursus
1528 2117 1613 2180 sa·

234 2214 312 2260 ,ta
355 2198 487 2259 diro
532 2197 926 2270 herbariorum
972 2195 1188 2259 scelere
1221 2196 1250 2279 (
1282 2214 1346 2259 ut
1382 2200 1443 2258 in
1482 2201 1611 2282 qui-

246 2277 541 2361 busdam)
575 2277 850 2343 rebellet:
873 2278 1036 2358 quod
1071 2282 1131 2339 in
1167 2279 1292 2349 his,
1328 2300 1475 2361 quos
1524 2300 1611 2339 ar·

230 2361 483 2423 ,temisia
518 2358 802 2422 sanaverit
820 2402 839 2431 ,
874 2360 1105 2439 p'raedici
1141 2378 1205 2420 re
1287 2360 1374 2421 rio
1406 2381 1422 2421 ε
1472 2362 1615 2420 item

234 2442 313 2502 ,in
349 2441 435 2500 his
452 2486 471 2511 ‚
499 2460 650 2522 quos
689 2440 976 2520 plantago.
1010 2438 1170 2500 Dam
1228 2442 1406 2501 onion
1427 2483 1448 2510 ‚
1566 2458 1614 2498 ω.

242 2522 325 2586 .&
365 2520 521 2581 alcea
558 2538 804 2581 vocatur
832 2563 854 2593 ,
895 2517 996 2581 sub
1053 2518 1294 2581 solstitio
1345 2519 1494 2580 colle
1592 2561 1615 2594 ,

251 2599 572 2744 ἶῗῖἳὲὧὶ
593 2597 1640 2760 {ssssqffissssssfffflsss⁰¹}ssssnussfflnssl

1185 2721 1205 2752 9

250 2762 365 2840 §ita
401 2761 569 2852 folior
588 2758 698 2840 suo
730 2753 1042 2845 operiatur.
1073 2753 1165 2823 Sic
1203 2758 1386 2903 διίἀ
1409 2701 1613 2827 σφεα

1363 2862 1407 2907 V
