2000 3600
511 286 656 363 192
757 266 829 337 C.
884 262 1242 335 ΡιιΝιι
1285 260 1661 335 NATvR.

495 383 775 465 Trojanis
793 384 1152 464 temporibus
1172 426 1193 455 ,
1218 382 1421 464 quibus
1444 380 1598 441 fama
1618 383 1852 458 certior,

508 466 816 529 vulnerum
847 482 1045 525 tamen
1080 464 1369 522 dumtaxat
1411 465 1701 526 remediis.

573 543 659 604 11.
688 541 1003 625 Sequentia
1026 542 1151 623 ejus
1180 542 1435 624 (mirum
1456 542 1654 623 dictu)
1683 548 1740 605 in
1762 564 1857 605 no·

491 623 594 684 &e
634 624 971 685 densissima
1015 624 1230 683 latuere
1262 621 1437 704 usque
1472 623 1547 682 ad
1579 623 1854 706 Pelopon·

491 706 794 764 nesiacum
829 704 1089 764 beflumt
1119 722 1260 764 tunc
1296 724 1426 763 eam
1469 709 1766 765 revocavit
1794 708 1851 765 in

491 785 690 844 iucem
709 785 1124 867 Hippocrates,
1156 786 1378 865 genitus
1402 786 1464 843 in
1486 782 1667 843 insula
1692 784 1848 854 Coo,

489 867 563 925 in
672 869 797 925 imis
811 866 971 925 clarit
987 886 1053 924 ac
1075 864 1265 923 valida
1283 909 1302 937 ,
1339 866 1406 926 ὃ(
1428 862 1751 946 AEsculapio
1773 865 1849 924 di·

500 962 596 1005 cat
634 991 648 1005 .
686 945 743 1006 Is
781 948 915 1007 chin
949 941 1132 1006 fuiffet
1168 965 1336 1017 mos,
1381 944 1653 1005 liberatos
1702 962 1851 1005 mor·-

500 1026 595 1086 bis
633 1024 875 1086 scribere
923 1027 984 1084 in
1028 1025 1248 1106 templo
1299 1022 1424 1103 ejus
1461 1026 1556 1085 dei
1585 1027 1723 1107 quid
1753 1042 1848 1085 au-
1912 1058 1917 1063 ·

501 1106 763 1167 xiliatum
808 1104 986 1178 esset,
1026 1122 1090 1164 ut
1136 1102 1333 1186 postea
1376 1105 1692 1165 similitudo
1716 1127 1846 1186 pro-

503 1182 730 1256 ficeret,
765 1182 1108 1264 exscripsiss'e
1145 1205 1214 1244 ea
1245 1185 1521 1260 traditur,
1550 1203 1721 1267 atque
1754 1185 1847 1267 (ut

500 1263 694 1324 Vbi-ro
731 1266 883 1346 apud
915 1285 1023 1323 nos
1047 1265 1228 1325 credit
1251 1263 1278 1345 )
1301 1266 1526 1347 templo
1561 1285 1843 1339 cremato,

497 1342 1170 1404 instituissemedicinam
1220 1345 1365 1405 hanc
1387 1390 1407 1419 ‚
1447 1367 1575 1428 quae
1636 1346 1843 1407 Clinicc

499 1441 761 1484 vocatur.
802 1424 932 1485 Nec
966 1422 1076 1484 fuit
1158 1424 1317 1485 ostea
1347 1426 1593 1508 quaestfis
1616 1429 1840 1488 modus:

499 1507 779 1586 quoniam
798 1502 1075 1565 Prodicus
1107 1447 1454 1586 Eelymbriae
1478 1525 1675 1581 natus,
1697 1528 1728 1568 e
1752 1500 1844 1567 dis-

503 1584 708 1664 cipulis
752 1584 905 1665 ejus,
935 1585 1173 1645 instituit
1207 1608 1380 1667 quam
1413 1606 1632 1649 vocant
1676 1588 1842 1648 latra-

499 1664 789 1744 lepticen,
826 1667 891 1726 δι
928 1666 1255 1726 υηᾶοῐίὸυε
1314 1689 1550 1750 quoque
1598 1670 1844 1730 medico·

500 1764 632 1805 rum
661 1768 726 1808 ac
764 1745 1115 1807 mediastinis
1155 1746 1400 1830 veetigal
1437 1752 1674 1811 invenit.
1946 1809 1947 1820 ,

588 1825 694 1888 ΙΙΙ.
736 1827 963 1889 Horum
997 1829 1201 1909 placita
1229 1826 1597 1912 Chrysippus
1637 1833 1690 1891 in
1733 1831 1841 1894 enti

577 1909 825 1969 rrulitate
876 1912 1158 1983 mutavit,
1210 1909 1636 1992 plurimumque
1776 1932 1842 1974 ex
1946 1909 1947 1942 ³

566 1989 633 2045 hr
681 1991 850 2069 sippo
912 1988 1216 2069 discipuius
1279 1988 1404 2068 ejus
1453 1990 1841 2066 ErasistratuS,
1946 1985 1947 2018 ³

497 2010 825 2126 Aridotelis
866 2066 985 2126 filia
1022 2072 1261 2150 genituS.
1296 2070 1407 2130 Hic
1444 2071 1742 2134 Antiocho
1762 2094 1839 2133 re·

497 2164 572 2227 ge
606 2142 800 2206 sanato
857 2165 1092 2207 centum
1140 2150 1366 2211 taientis
1410 2150 1653 2213 donatus
1692 2152 1770 2215 est
1805 2174 1837 2213 a

496 2243 636 2305 rege
650 2223 966 2285 Ptolemaeo
996 2224 1120 2289 filio
1137 2227 1260 2309 ejus
1268 2274 1298 2304 ,
1329 2248 1395 2293 ut
1422 2233 1756 2316 incipiamus
1779 2235 1835 2296 ὃ(

503 2306 738 2387 praemia
774 2307 904 2364 artis
921 2304 1249 2370 ostendere.

577 2383 685 2445 IV.
712 2384 1034 2448 Aiiafaffio
1106 2390 1178 2449 ab
1199 2392 1609 2472 experimentis
1628 2415 1835 2478 cogno-

494 2465 715 2527 minant
747 2464 1075 2552 Empiricen
1146 2474 1324 2551 coepit
1343 2475 1401 2532 in
1420 2472 1638 2549 Sicilia,
1663 2477 1835 2548 Acro·

494 2547 572 2609 ne
617 2544 1000 2630 Agrigentino
1106 2552 1430 2632 mpedoclis
1471 2557 1702 2639 physici
1741 2577 1835 2616 au-

494 2626 751 2688 steritate
787 2631 1216 2692 commendato.

583 2704 666 2767 V.
721 2705 1208 2794 Diffederuntque
1243 2712 1333 2773 hae
1379 2714 1479 2775 diu
1520 2716 1732 2779 'schoiae
1772 2717 1831 2776 δι

490 2801 699 2850 ,omnes
732 2808 827 2852 cas
858 2791 1150 2859 damnavit
1199 2792 1587 2879 Herophilus,
1620 2801 1681 2859 in
1712 2815 1835 2891 rnu-

1692 2894 1867 2937 smus,
