2000 3600
476 263 615 338 ²30
731 242 800 310 C.
852 242 1206 311 ΡιιΝιι
1257 238 1658 309 Nantua.

474 366 678 424 xiones
703 379 903 421 omnes
920 403 939 430 ‚
958 379 1097 440 quas
1124 356 1557 419 rheumatismos
1585 366 1869 434 vocanti

477 442 629 505 sistit.
667 440 961 501 Ramentis
1006 440 1199 498 eboris
1240 460 1372 498 cum
1415 439 1592 499 melle
1632 440 1868 504 Attico

471 522 503 607 (
528 542 586 585 ut
625 521 815 601 aiunt)
839 521 1138 581 nubeculae
1171 520 1228 578 in
1270 518 1445 593 facie,
1469 519 1640 580 scobe
1664 542 1867 600 pareg-

471 603 688 685 nychia
722 603 1028 663 tolluntur.
1046 599 1408 660 proboscidis
1447 600 1595 660 taau
1631 604 1872 682 capitis

470 683 641 746 dolor
700 685 961 757 levatur,
1016 680 1300 742 efficacius
1350 683 1396 740 si
1452 683 1512 742 δι
1563 679 1868 745 sternuat.

470 764 699 840 Dextra
742 785 868 847 pars
908 761 1264 846 proboscidis
1299 782 1430 821 cum
1456 761 1703 821 Lemnia
1731 768 1862 823 'rur

470 847 634 909 bricii
678 847 1004 928 adalligata,
1037 848 1284 925 impetus
1308 842 1606 902 libidinum
1631 841 1858 904 stimu-

471 928 570 990 lat.
605 927 841 1010 Sanguis
879 928 941 988 δι
970 924 1290 1006 (γηῑεξὶὶεἰς
1333 921 1566 1005 prodest
1590 968 1611 999 ,
1643 921 1863 1004 iecur-

436 1054 443 1060 ·
474 1031 588 1094 que
625 1007 1009 1070 comitialibus
1056 1005 1289 1066 morbis.

557 1089 754 1151 XXV.
797 1089 1011 1151 Leonis
1044 1088 1405 1168 adipescum
1451 1084 1694 1146 rosaceo
1738 1107 1861 1148 cu*-

474 1187 597 1233 tem
638 1174 693 1230 in
743 1169 889 1231 facie
944 1167 1272 1228 custodiunt
1305 1188 1338 1226 a
1375 1166 1568 1241 vitiis,
1609 1167 1858 1228 cando-

471 1272 713 1333 remque
741 1248 983 1310 servant.
1023 1245 1234 1308 Sanam
1256 1250 1317 1310 &
1348 1245 1540 1307 adusta
1569 1248 1864 1321 nivibus,

472 1332 960 1411 articulorumque
995 1345 1271 1390 tumores.
1325 1327 1640 1410 Magorum
1676 1332 1853 1389 vani-

470 1430 556 1473 tas
641 1409 883 1472 erunfiis
913 1430 986 1472 eo
1016 1410 1185 1491 adipe
1208 1455 1225 1481 ‚
1261 1407 1573 1469 faciliorem
1597 1412 1860 1491 gratiam

471 1434 636 1575 apud,
652 1494 903 1574 populos
928 1490 1162 1573 regesve
1187 1493 1472 1572 promittit
1497 1511 1516 1549 t
1541 1492 1858 1571 praecipue

472 1590 668 1636 tamen
722 1594 796 1634 eo
904 1574 1100 1655 ingui‚
1142 1571 1302 1655 quod
1342 1574 1411 1629 sit
1449 1572 1600 1631 inter
1643 1570 1856 1653 superq»

471 1654 632 1731 cilia,
666 1653 765 1714 ubi
815 1594 926 1715 effe
962 1652 1186 1713 nullum
1232 1651 1437 1731 potest.
1462 1649 1684 1713 Similia
1699 1653 1856 1713 den·

467 1738 580 1812 tis,
615 1735 862 1797 maxime
895 1756 929 1796 a
962 1733 1164 1795 dextra
1245 1732 1659 1816 arte‚villique
1680 1753 1717 1792 e
1744 1755 1853 1794 ro·

470 1816 593 1881 stro
636 1817 937 1892 inferiori,
974 1820 1161 1898 promi
1210 1837 1241 1874 a
1273 1813 1417 1874 sunt.
1448 1813 1725 1895 Felaqufi
1747 1816 1857 1876 ad·

473 1899 631 1971 dita,
663 1900 980 1960 claritatem
1035 1897 1218 1971 oculis
1282 1894 1522 1955 inunffis
1568 1895 1849 1959 facin&

471 2001 607 2043 cum
651 1981 822 2062 adipe
877 1977 1134 2058 ejusdem
1159 2023 1184 2052 ,
1224 1976 1549 2037 comitiales
1590 1979 1856 2039 morbos

470 2059 739 2130 discutit,
787 2061 903 2120 levi
985 2058 1153 2132 ustu,
1202 2059 1266 2118 &
1305 2074 1368 2116 ut
1403 2058 1703 2139 protinus,
1741 2061 1853 2140 qui

468 2137 761 2220 sumpsere
787 2184 805 2213 ,
831 2079 994 2199 cursffi
1029 2138 1090 2198 id
1122 2138 1398 2218 digerant.
1438 2135 1565 2200 Cor
1603 2140 1670 2198 in
1700 2143 1854 2200 cibo

467 2219 757 2301 finmptum
773 2266 787 2289 ,
804 2221 1087 2302 quartanis
1101 2219 1395 2279 medetur:
1415 2219 1594 2301 adeps
1606 2241 1738 2279 cum
1753 2240 1849 2280 ro-

464 2300 637 2364 saceo
657 2302 998 2386 quotidianis
1017 2298 1287 2360 febribus.
1305 2299 1613 2361 PerunRos
1636 2321 1709 2363 eo
1729 2302 1847 2379 bes·

467 2380 586 2446 stiae
597 2383 655 2443 fu
697 2380 1142 2459 iunt.Resistere
1158 2383 1327 2441 etiam
1347 2381 1564 2442 insidiis
1585 2383 1852 2444 videtur.

575 2463 632 2525 X
700 2463 801 2526 v1.
859 2461 1087 2524 Cameli
1131 2465 1432 2525 cerebrum
1483 2462 1846 2535 arefaaum,

468 2564 794 2631 potumque
830 2567 902 2606 ex
934 2565 1103 2608 aceto
1133 2595 1149 2621 ,
1179 2542 1558 2606 comitialibus
1607 2543 1842 2604 morbis

470 2631 630 2697 aiunt
664 2628 923 2709 mederi:
947 2631 1088 2688 item
1119 2625 1200 2686 fel
1230 2646 1362 2687 cum
1391 2624 1564 2684 melle
1590 2644 1830 2704 potumz

469 2708 586 2776 hoc
629 2712 693 2774 &
725 2713 963 2794 anginae.
1004 2708 1208 2771 cauda
1263 2705 1501 2768 arefafflr
1545 2702 1695 2766 solvi
1747 2705 1832 2765 al·

468 2807 657 2864 &uma
695 2788 822 2861 fimi
856 2793 1050 2854 cinere
1090 2785 1322 2871 crispari
1375 2784 1649 2870 capillum
1695 2806 1840 2855 cum
