2000 3600
439 276 578 343 ¹04
681 255 750 342 C.
795 252 1121 321 ΡιιΝιι
1164 248 1541 319 Narvn.

430 355 597 434 'nibus
636 370 838 440 bonis,
883 390 1013 450 quae
1056 368 1277 429 homini
1312 368 1510 427 tribuit
1544 381 1845 445 natm-a,

435 452 654 516 nullum
694 450 901 509 melius
935 446 1049 508 esse
1081 447 1426 529 tempestiva
1456 466 1668 508 morte
1693 472 1714 511 z
1744 451 1851 521 idv-

436 550 550 612 que
586 532 643 589 in
680 530 751 590 ea
786 530 1073 609 optimum
1095 573 1116 603 ‚
1153 529 1314 611 quod
1332 528 1488 589 illam
1513 529 1638 589 sibi
1670 527 1849 613 quis·

433 629 550 693 que
632 608 855 669 raestare
896 610 1136 690 poterin·
1801 635 1812 644 ·

518 688 573 750 11
667 711 722 750 2.
742 688 831 750 Ex
850 689 1088 750 homine
1108 689 1503 751 remediorum
1541 691 1848 770 primum

404 771 696 831 'maximae
721 768 1078 853 quaestionis,
1097 770 1164 831 δι
1184 767 1408 852 semper
1423 772 1678 832 incertae
1706 768 1840 844 est,

435 849 744 921 valeantne
796 850 1011 931 aliquid
1056 849 1236 911 verba
1274 852 1341 913 &
1374 852 1846 913 incantamenta

434 933 777 993 carminum.
822 928 1014 1009 Quod
1052 931 1100 990 si
1143 950 1351 992 verum
1406 930 1533 1002 est,
1565 932 1844 993 homini
1901 957 1905 959 ‘

434 1029 743 1093 acceptum
782 1008 917 1071 ferri
954 1027 1228 1092 oportere
1287 1014 1626 1074 conveniat.
1698 1008 1840 1073 Sed

437 1094 661 1154 viritim
702 1091 1096 1173 sapientissimi
1157 1089 1429 1173 cujusque
1479 1090 1718 1173 respuit
1759 1087 1845 1151 fi·-

436 1170 567 1238 des.
615 1171 681 1232 In
730 1170 1059 1234 universum
1109 1172 1258 1233 verb
1309 1172 1583 1232 omnibus
1659 1172 1842 1233 horis

441 1252 771 1324 creditvita
790 1296 811 1326 ,
848 1271 955 1312 nec
1011 1248 1194 1314 sentit.
1254 1249 1499 1334 Quippe
1545 1251 1842 1317 viffimas

438 1332 588 1404 caedi
636 1332 760 1394 sine
811 1332 1145 1412 precatione
1181 1351 1302 1391 non
1352 1332 1589 1395 videtur
1636 1331 1842 1394 refer·-

441 1432 509 1471 τε
533 1453 554 1484 ,
598 1428 695 1472 aut
730 1412 877 1473 deos
921 1414 1031 1472 rite
1085 1409 1318 1473 consuli.
1371 1411 1669 1474 Praeterea
1722 1412 1839 1473 alia

441 1490 571 1552 funt
602 1491 786 1553 verba
804 1494 1148 1573 impetritis,
1175 1493 1284 1552 alia
1303 1491 1692 1575 depulsor-iis,
1723 1492 1838 1552 alia

444 1573 974 1635 commentationis,
993 1571 1372 1655 Vidimusque
1407 1576 1582 1634 certis
1612 1593 1837 1656 precan-

446 1654 704 1714 tionibus
740 1650 1057 1716 obsecrasse
1103 1652 1357 1716 summos
1417 1653 1794 1736 magistratus
1813 1673 1834 1713 z

447 1733 519 1797 &
574 1753 648 1794 ne
699 1735 839 1817 quid
879 1734 1197 1797 verborum
1246 1751 1627 1815 praetereatur
1662 1779 1685 1809 ‚
1732 1747 1835 1794 aut

449 1813 871 1898 praeposterum
913 1815 1132 1877 dicatur
1153 1859 1173 1888 ‚
1213 1815 1287 1875 de
1336 1814 1548 1898 scripto
1611 1818 1834 1899 praeir'e

449 1897 735 1977 aliquem:
772 1894 1068 1978 rursusque
1107 1897 1284 1956 alium
1336 1895 1646 1958 custodem
1704 1895 1836 1956 dari

441 1979 556 2056 qui
579 1977 885 2038 adtendatz
925 1977 1103 2037 alium
1129 1978 1276 2039 verb
1298 1979 1594 2061 praeponi,
1618 1977 1728 2059 qui
1749 1974 1833 2036 fa·

452 2056 582 2116 veri
627 2054 832 2136 linguis
861 2053 1091 2134 jubeat:
1127 2056 1421 2118 tibicinem
1459 2078 1679 2119 canere
1705 2101 1724 2130 ,
1754 2073 1832 2116 ne

450 2133 595 2215 quid
631 2134 787 2194 aliud
833 2135 1163 2195 exaudiatur
1194 2158 1210 2195 ε
1258 2139 1383 2197 utra
1426 2158 1498 2198 ue
1530 2134 1830 2200 memoria

449 2213 688 2295 insigni,
712 2216 942 2295 quoties
965 2214 1100 2294 ipsae
1125 2214 1263 2274 dirae
1293 2216 1374 2277 ob
1454 2237 1709 2298 epentes
1729 2228 1830 2277 no-

444 2296 712 2366 cuerint,
744 2291 1046 2376 quotiesve
1080 2297 1338 2374 precatio
1367 2301 1651 2359 erraverit
1671 2342 1693 2372 ‚
1745 2299 1829 2358 sic

380 2374 387 2380 ’
439 2374 696 2455 ‚repente
736 2376 878 2435 extis
925 2373 1101 2435 adimi
1137 2375 1325 2455 capita
1352 2376 1451 2437 vel
1482 2379 1707 2453 corda,
1733 2388 1829 2438 aut

448 2454 731 2538 'geminari
778 2452 1014 2514 viaima
1074 2452 1274 2516 stante.
1311 2455 1499 2518 Durat
1533 2455 1829 2519 immenso

455 2534 726 2617 exemplo
767 2532 1095 2597 Deciorum
1171 2537 1303 2596 atris
1337 2535 1556 2619 filiique
1573 2581 1594 2611 ‚
1662 2559 1744 2600 uo
1767 2534 1827 2596 se

455 2616 792 2690 devovere,
826 2638 1079 2679 carmen.
1210 2614 1317 2678 stat
1349 2616 1588 2682 Tucciae
1683 2615 1824 2679 esta·

456 2697 528 2756 lis
564 2696 794 2759 incestae
815 2701 1108 2779 precatio,
1125 2698 1241 2780 quii
1270 2698 1365 2760 usa
1388 2720 1421 2760 a
1463 2701 1676 2763 namin
1702 2699 1813 2757 cria·

456 2774 570 2837 bro
610 2777 775 2855 tulit,
797 2799 951 2843 anno
978 2778 1155 2847 Urbis
1198 2794 1384 2845 nem.
1417 2722 1632 2847 goario
1670 2774 1827 2861 vergi»,
