2000 3600
440 263 600 346 ,126
700 263 770 331 C.
819 260 1203 330 Pzttett
1247 257 1620 330 Narvn.

455 403 571 466 que
609 378 983 441 incommoda
1022 377 1163 440 lacte
1206 379 1462 448 mulieris
1517 376 1850 456 sanantur}

454 464 549 524 cui
588 463 636 538 si
671 457 1054 521 admisceatur
1107 459 1357 541 impubis
1409 461 1572 541 pueri
1613 464 1795 522 urina
1821 508 1850 534 ‚

452 541 555 605 vel
594 540 714 601 mel
746 539 1008 603 Atticum
1033 586 1054 615 ‚
1077 542 1290 615 ,omnia
1317 538 1675 623 singulorum
1720 565 1848 619 cq-

453 623 768 683 chlearium
802 621 1066 684 mensura
1084 666 1103 696 ,
1128 643 1424 684 murmura
1461 643 1705 703 quoque
1729 645 1853 683 au·-

454 705 610 763 rium
646 700 779 784 ejici
813 704 1071 768 invenio.
1115 700 1255 783 Ejus
1290 724 1419 783 quae
1456 723 1683 764 marem
1769 725 1846 765 e-

457 786 613 867 perit
665 781 808 846 lafie
861 782 1138 869 gustato,
1178 804 1355 844 canes
1390 782 1650 845 rabiosos
1744 786 1844 846 eri

459 886 536 928 ne
578 882 693 925 ant.
728 907 733 912 -
1405 919 1411 926 .

539 886 738 1007 3(le
781 943 1047 1007 Mulieris
1081 964 1315 1028 quoque
1342 942 1577 1008 salivam
1605 942 1850 1025 jejunae

459 1044 768 1111 potentem
809 1025 1126 1107 dijudicant
1165 1026 1350 1087 oculis
1392 1027 1725 1102 cruentatis·
1755 1026 1845 1089 Et

460 1111 513 1169 si
549 1124 749 1169 contra
784 1105 1439 1189 epiphoras‚ferventes
1473 1106 1668 1208 anguli
1689 1128 1846 1168 ocu·-

461 1189 656 1250 lorum
684 1186 920 1247 subinde
958 1185 1307 1249 madefiant:
1342 1184 1664 1261 efficacius»,
1686 1190 1739 1248 si
1759 1189 1846 1249 ci-

461 1268 544 1330 bo
575 1270 835 1349 vinoque
856 1263 913 1328 se
937 1267 1122 1348 pridie
1157 1289 1228 1328 ea
1261 1265 1611 1329 abstinuerit.
1644 1266 1843 1330 Inve-

460 1348 563 1410 nio
603 1349 668 1410 &
705 1346 874 1412 fascia
907 1348 1165 1412 mulieris
1205 1348 1438 1432 alligato
1472 1349 1697 1432 capite,
1727 1350 1844 1413 do·

460 1428 616 1490 lores
642 1431 842 1492 minui.

545 1508 772 1571 XXIII.
808 1506 945 1572 Post
969 1508 1095 1570 haec
1130 1509 1318 1572 nullus
1342 1507 1424 1571 est
1443 1509 1678 1572 modus.
1701 1509 1850 1573 Iam

462 1592 720 1673 primum
753 1590 907 1673 abigi
937 1589 1241 1673 grandines
1275 1589 1644 1672 turbinesque
1686 1613 1845 1656 con,-

464 1687 553 1732 tra
569 1670 791 1755 fulgura
811 1717 838 1745 ,
868 1672 995 1753 ipsa
1035 1672 1096 1731 in
1132 1670 1330 1738 ,mense
1357 1671 1724 1747 connudata‚
1751 1674 1854 1735 sic·

465 1754 654 1815 averti
685 1752 1028 1816 violentiam
1063 1750 1224 1815 caeli:
1261 1752 1677 1835 in'navigando
1703 1755 1844 1836 qui·-

467 1835 608 1896 dem
648 1833 1016 1918 tempestates
1044 1836 1218 1895 etiam
1238 1835 1363 1894 sine
1385 1833 1712 1895 menstruis.
1749 1834 1849 1897 Ex

468 1914 487 1973 i
534 1917 610 1976 sis
630 1918 776 1979 verb
798 1916 1090 1977 mensibus
1105 1961 1128 1988 ,
1148 1912 1510 1989 monstrificis
1540 1914 1677 1977 alias
1690 1959 1722 1987 ,
1750 1917 1844 1977 uti

496 2016 574 2056 uo
610 1997 748 2057 loco
780 1998 1200 2071 indicavimus,
1232 1996 1351 2056 dira
1378 1996 1444 2056 δι
1482 1995 1717 2071 infanda
1733 2018 1844 2058 va·

468 2073 814 2136 ticinantur:
845 2097 878 2136 e
914 2077 1127 2156 quibus
1165 2074 1362 2136 dixisse
1399 2097 1521 2137 non
1573 2077 1847 2157 pudeat,

460 2157 520 2221 fisi
550 2155 608 2213 in
639 2153 896 2215 defefius
945 2155 1124 2214 Lunae
1154 2152 1379 2217 solisve
1416 2178 1446 2216 c
1571 2176 1696 2219 ruat
1744 2160 1851 2220 vis

467 2234 603 2307 ina,
635 2233 1122 2296 irremediabilem
1163 2233 1329 2298 fieri:
1374 2257 1494 2297 non
1543 2241 1751 2321 eguius
1772 2241 1842 2301 δε

467 2316 530 2376 in
566 2316 772 2377 silente
802 2315 968 2377 Luna
998 2360 1020 2389 ‚
1081 2315 1378 2398 coitusque
1415 2335 1543 2378 tum
1579 2319 1848 2381 maribus

472 2397 731 2459 exitiales
781 2395 892 2458 esse
939 2415 1114 2478 atque
1148 2397 1475 2480 pestiferos·
1510 2397 1625 2459 Pur
1671 2421 1844 2463 uram

472 2500 709 2564 quoque
738 2477 810 2539 ab
848 2478 936 2539 his
976 2498 1050 2540 eo
1084 2495 1349 2560 tempore
1398 2478 1613 2560 pollui..
1698 2482 1845 2549 autb

472 2564 600 2621 vim
629 2559 740 2622 effe
760 2559 1063 2643 majorem.
1088 2557 1489 2642 Quocumque
1507 2577 1706 2623 autem
1724 2562 1850 2625 alie

472 2641 808 2717 menstruo,
847 2645 897 2705 si
949 2643 1175 2705 nudatae
1228 2642 1288 2704 se
1329 2660 1485 2703 etem
1542 2644 1844 2717 ambiant,

475 2739 676 2784 erucas
694 2769 715 2798 ,
744 2746 812 2784 ac
848 2723 1201 2785 vermiculos
1221 2768 1242 2797 ‚
1308 2721 1709 2807 carabaeosque
1729 2769 1751 2800 ,
1772 2745 1846 2787 ac:

462 2805 652 2877 ‚noxia
683 2803 795 2867 alia
828 2804 1126 2885 decidere.
1159 2802 1544 2871 Metrodorus
1564 2802 1852 2890 Scepsius
