2000 3600
437 253 528 353 38
682 251 753 323 C.
802 251 1169 322 ΡιιΝιι
1221 242 1601 321 NATU‘R:
1656 230 1659 233 Δ

428 394 545 448 no,
583 370 997 455 amygdalaceo
1034 368 1181 443 folio
1202 415 1220 444 ,
1249 370 1395 431 flore
1437 368 1605 430 roseo
1625 414 1654 442 ,
1677 363 1813 451 fruss

432 454 643 527 ticosa‚
670 452 845 535 longa
883 452 1111 525 radice,
1144 453 1209 512 &
1249 453 1382 511 citm
1425 453 1635 510 siccata
1671 450 1810 523 est,

430 540 634 598 viuum
685 534 903 595 olente.
959 531 1107 593 Haec
1150 533 1210 591 in
1254 550 1402 614 potu
1456 532 1588 592 data
1644 529 1812 593 feras

435 635 670 700 quoque
707 616 947 696 mitigat.
1566 653 1576 661 -
1643 642 1648 647 κ

514 695 881 768 Cruditate5‚
931 715 1060 776 quae
1106 692 1372 754 nauseam
1414 690 1662 765 faciunt3
1706 693 1813 754 di-⁴

435 779 584 860 gerit
612 776 948 837 Vettonica.
990 774 1212 835 Eadem
1251 790 1390 856 pota
1415 795 1449 833 a
1478 772 1624 834 cena
1652 793 1815 834 con-

431 856 762 919 coctionem
801 856 966 928 facit,
1000 858 1061 913 in
1095 855 1432 936 oxymelitis
1456 854 1685 934 cyathis
1710 855 1815 914 tri-

432 939 542 1000 bus
590 939 876 1000 drachmae
916 936 1217 1017 pondere:
1247 937 1315 996 &
1350 935 1641 1016 crapulam
1681 933 1815 994 dis-

435 1021 600 1081 cutit.
641 1019 790 1080 Item
822 1019 1111 1100 agaricum
1152 1014 1281 1097 post
1321 1016 1516 1076 cibum
1553 1018 1614 1075 in
1649 1015 1814 1097 aqua

431 1101 618 1161 calida
650 1117 875 1183 potum.
913 1098 1211 1179 Paralysin
1251 1096 1564 1157 Vettonica
1602 1094 1815 1157 sanare

434 1180 677 1241 dicitur:
700 1183 839 1240 item
867 1178 1075 1251 iberis,
1100 1195 1164 1238 ut
1199 1176 1409 1248 dicium
1432 1175 1540 1237 est.
1575 1175 1815 1239 Eadem

434 1261 503 1323 &
542 1258 904 1341 torpentibus
941 1258 1220 1319 membris
1250 1256 1510 1339 prodest:
1532 1259 1678 1317 item
1710 1279 1817 1318 ar-

433 1343 708 1481 gemonia
726 1387 742 1411 ‚
767 1339 961 1401 omnia
998 1360 1128 1421 quae
1168 1338 1562 1422 periclitentur
1590 1335 1815 1412 secari,

477 1419 813 1482 iscutiendO.

516 1500 699 1562 LXX.
723 1499 1066 1563 Comitiales
1102 1499 1295 1561 sanant
1322 1499 1590 1583 panacis,
1626 1519 1815 1582 quam

435 1581 750 1644 Heraclion
787 1583 1070 1655 diximus,
1092 1583 1311 1644 radices
1330 1598 1484 1664 potae
1510 1601 1644 1641 cum
1668 1602 1819 1643 coa·

435 1663 575 1746 gulo
597 1664 762 1726 vituli
783 1666 1023 1740 marini,
1056 1664 1138 1723 ita
1174 1680 1236 1725 ut
1276 1665 1390 1723 sint
1422 1663 1657 1743 panacis
1684 1679 1815 1735 tres

434 1761 658 1827 partes:
731 1745 959 1827 lantago
998 1761 1175 1826 pota:
1210 1743 1541 1806 Vettonicae
1568 1744 1630 1803 in
1655 1763 1816 1826 oxy-

435 1828 639 1888 melite
725 1827 980 1901 rachma,
1009 1827 1111 1888 vel
1145 1828 1431 1909 agaricum
1469 1825 1660 1886 obolis
1701 1830 1816 1885 tri-

435 1907 545 1968 bus
567 1930 581 1967 ε
605 1907 745 1968 folia
783 1906 1163 1990 quinquefolii
1194 1927 1269 1968 ex
1305 1927 1338 1965 a
1381 1905 1473 1966 ua.
1523 1903 1696 1965 Sanat
1738 1907 1814 1967 δι

437 1987 817 2062 archezostis'‚
836 1987 935 2048 sed
965 2010 1118 2049 anno
1155 2004 1313 2070 pota.
1398 2001 1528 2046 anat
1562 1987 1626 2048 &
1669 1985 1844 2049 baca».

438 2067 620 2127 charis
659 2067 818 2125 radix
860 2068 1014 2127 arida
1059 2072 1118 2127 in
1173 2070 1477 2149 pulverem
1517 2069 1767 2127 contrita
1792 2112 1815 2142 ,

437 2147 666 2226 cyathis
705 2146 890 2207 tribus
921 2167 1058 2206 cum
1097 2149 1384 2209 coriandri
1419 2169 1538 2209 uno
1573 2150 1632 2207 in
1657 2151 1815 2230 aqua

441 2226 645 2300 calida.
677 2225 752 2287 Et
791 2228 1166 2288 centunculus
1207 2233 1338 2291 trita
1372 2232 1433 2289 in
1466 2245 1632 2289 aceto
1652 2274 1672 2305 ,
1709 2246 1814 2290 aut

439 2308 649 2383 melle,
685 2324 781 2368 aut
809 2310 867 2367 in
907 2311 1056 2391 aqua
1098 2309 1281 2371 calida
1305 2334 1319 2371 ε
1347 2311 1680 2386 ἡνεὼειιειεειι
1734 2329 1816 2372 ex

441 2391 587 2450 vino
610 2405 782 2471 pota:
822 2388 1053 2471 hyffopi
1081 2391 1274 2452 baccae
1309 2407 1486 2452 ternae
1510 2392 1815 2465 contritae,

444 2471 512 2533 &
549 2472 608 2530 in
646 2471 794 2552 aqua
834 2486 989 2553 potae
1033 2470 1237 2531 diebus
1276 2469 1571 2532 sedecim:
1602 2491 1817 2553 peuce·
1893 2501 1897 2505 ·

446 2553 660 2618 danum
701 2553 837 2612 cum'
878 2553 1124 2633 coagulo
1166 2553 1333 2611 vituli
1375 2554 1580 2613 marini
1630 2554 1815 2634 aequis

442 2634 823 2712 portionibus·
843 2650 1050 2715 potum
1083 2653 1100 2693 t
1143 2633 1526 2716 quinquefolii
1564 2635 1815 2693 contrita

438 2710 582 2770 folia
616 2734 689 2772 ex
737 2718 883 2780 vino
922 2732 1064 2796 pota
1101 2713 1304 2774 diebus
1357 2730 1547 2773 XXXI.
1588 2712 1817 2774 Vetto·-

444 2790 595 2851 ni'cae
626 2791 804 2853 farina
840 2794 1105 2875 pondere
1148 2809 1213 2855 x.
1252 2811 1347 2863 ιιι.
1369 2805 1509 2855 cum
1527 2795 1672 2856 aceti
1686 2793 1815 2858 fei!-
