<?xml version="1.0" encoding="UTF-8"?>
<!DOCTYPE html PUBLIC "-//W3C//DTD XHTML 1.0 Transitional//EN"
    "http://www.w3.org/TR/xhtml1/DTD/xhtml1-transitional.dtd">
<html xmlns="http://www.w3.org/1999/xhtml" xml:lang="en" lang="en">
 <head>
  <title>
</title>
<meta http-equiv="Content-Type" content="text/html;charset=utf-8" />
  <meta name='ocr-system' content='tesseract 3.04.00' />
  <meta name='ocr-capabilities' content='ocr_page ocr_carea ocr_par ocr_line ocrx_word'/>
</head>
<body>
  <div class='ocr_page' id='page_1' title='image "./caiipliniisecun04unkngoog_0268.png"; bbox 0 0 2000 3600; ppageno 0'>
   <div class='ocr_carea' id='block_1_1' title="bbox 529 249 1724 331">
    <p class='ocr_par' dir='ltr' id='par_1_1' title="bbox 529 249 1724 331">
     <span class='ocr_line' id='line_1_1' title="bbox 529 249 1724 331; baseline 0.003 -3"><span class='ocrx_word' id='word_1_1' title='bbox 529 253 679 328; x_wconf 68' lang='lat'>&#39;260</span> <span class='ocrx_word' id='word_1_2' title='bbox 776 249 1265 326; x_wconf 60' lang='lat' dir='ltr'>&amp;eumz</span> <span class='ocrx_word' id='word_1_3' title='bbox 1307 255 1724 331; x_wconf 56' lang='lat' dir='ltr'>Nat-vn.</span> 
     </span>
    </p>
   </div>
   <div class='ocr_carea' id='block_1_2' title="bbox 442 370 1953 2880">
    <p class='ocr_par' dir='ltr' id='par_1_2' title="bbox 442 370 1953 2880">
     <span class='ocr_line' id='line_1_2' title="bbox 529 370 1887 459; baseline 0.007 -25"><span class='ocrx_word' id='word_1_4' title='bbox 529 371 634 453; x_wconf 63' lang='lat' dir='ltr'>rea</span> <span class='ocrx_word' id='word_1_5' title='bbox 658 370 906 434; x_wconf 82' lang='lat' dir='ltr'>incluso:</span> <span class='ocrx_word' id='word_1_6' title='bbox 939 372 1085 435; x_wconf 83' lang='lat' dir='ltr'>alter</span> <span class='ocrx_word' id='word_1_7' title='bbox 1112 372 1388 446; x_wconf 80' lang='lat' dir='ltr'>sacrificio</span> <span class='ocrx_word' id='word_1_8' title='bbox 1423 378 1714 459; x_wconf 83' lang='lat' dir='ltr'>quodam,</span> <span class='ocrx_word' id='word_1_9' title='bbox 1742 376 1887 443; x_wconf 58' lang='lat' dir='ltr'>fa&amp;</span> 
     </span>
     <span class='ocr_line' id='line_1_3' title="bbox 531 453 1882 535; baseline 0.005 -20"><span class='ocrx_word' id='word_1_10' title='bbox 531 453 721 515; x_wconf 85' lang='lat' dir='ltr'>crudis</span> <span class='ocrx_word' id='word_1_11' title='bbox 764 454 1059 515; x_wconf 87' lang='lat' dir='ltr'>laterculis</span> <span class='ocrx_word' id='word_1_12' title='bbox 1101 456 1173 514; x_wconf 89' lang='lat' dir='ltr'>ad</span> <span class='ocrx_word' id='word_1_13' title='bbox 1212 455 1459 516; x_wconf 87' lang='lat' dir='ltr'>formam</span> <span class='ocrx_word' id='word_1_14' title='bbox 1505 462 1757 535; x_wconf 87' lang='lat' dir='ltr'>camini,</span> <span class='ocrx_word' id='word_1_15' title='bbox 1799 479 1882 523; x_wconf 87' lang='lat' dir='ltr'>at·</span> 
     </span>
     <span class='ocr_line' id='line_1_4' title="bbox 442 532 1878 617; baseline 0.005 -19"><span class='ocrx_word' id='word_1_16' title='bbox 442 564 445 568; x_wconf 50' lang='grc'>“</span> <span class='ocrx_word' id='word_1_17' title='bbox 509 558 524 598; x_wconf 86' lang='grc'><em>;</em></span> <span class='ocrx_word' id='word_1_18' title='bbox 573 553 645 594; x_wconf 89' lang='lat' dir='ltr'>ue</span> <span class='ocrx_word' id='word_1_19' title='bbox 684 551 746 595; x_wconf 94' lang='lat' dir='ltr'>ut</span> <span class='ocrx_word' id='word_1_20' title='bbox 801 532 1023 595; x_wconf 88' lang='lat' dir='ltr'>sacrum</span> <span class='ocrx_word' id='word_1_21' title='bbox 1071 536 1365 617; x_wconf 63' lang='lat' dir='ltr'>peracium</span> <span class='ocrx_word' id='word_1_22' title='bbox 1418 556 1569 614; x_wconf 86' lang='lat' dir='ltr'>erat,</span> <span class='ocrx_word' id='word_1_23' title='bbox 1601 540 1878 607; x_wconf 69' lang='lat' dir='ltr'>obstruflo</span> 
     </span>
     <span class='ocr_line' id='line_1_5' title="bbox 507 554 1879 702; baseline 0.004 -23"><span class='ocrx_word' id='word_1_24' title='bbox 507 554 764 679; x_wconf 57' lang='lat' dir='ltr'>ssceuo.</span> <span class='ocrx_word' id='word_1_25' title='bbox 798 614 1004 676; x_wconf 86' lang='lat' dir='ltr'>Unum</span> <span class='ocrx_word' id='word_1_26' title='bbox 1035 615 1117 677; x_wconf 90' lang='lat' dir='ltr'>est</span> <span class='ocrx_word' id='word_1_27' title='bbox 1135 616 1419 702; x_wconf 86' lang='lat' dir='ltr'>ossifrago</span> <span class='ocrx_word' id='word_1_28' title='bbox 1439 618 1767 683; x_wconf 87' lang='lat' dir='ltr'>intestinum</span> <span class='ocrx_word' id='word_1_29' title='bbox 1780 624 1879 683; x_wconf 84' lang='lat' dir='ltr'>mi-</span> 
     </span>
     <span class='ocr_line' id='line_1_6' title="bbox 523 694 1877 770; baseline 0.01 -17"><span class='ocrx_word' id='word_1_30' title='bbox 523 694 697 755; x_wconf 84' lang='lat' dir='ltr'>rabili</span> <span class='ocrx_word' id='word_1_31' title='bbox 730 696 966 770; x_wconf 51' lang='lat' dir='ltr'>natuer,</span> <span class='ocrx_word' id='word_1_32' title='bbox 994 699 1190 759; x_wconf 85' lang='lat' dir='ltr'>omnia</span> <span class='ocrx_word' id='word_1_33' title='bbox 1218 698 1507 761; x_wconf 84' lang='lat' dir='ltr'>devorata</span> <span class='ocrx_word' id='word_1_34' title='bbox 1539 701 1877 766; x_wconf 82' lang='lat' dir='ltr'>conficienti.</span> 
     </span>
     <span class='ocr_line' id='line_1_7' title="bbox 525 772 1875 865; baseline 0.007 -29"><span class='ocrx_word' id='word_1_35' title='bbox 525 772 723 854; x_wconf 81' lang='lat' dir='ltr'>Hujus</span> <span class='ocrx_word' id='word_1_36' title='bbox 760 796 983 857; x_wconf 89' lang='lat' dir='ltr'>partem</span> <span class='ocrx_word' id='word_1_37' title='bbox 1021 796 1340 841; x_wconf 83' lang='lat' dir='ltr'>extremam</span> <span class='ocrx_word' id='word_1_38' title='bbox 1375 781 1733 865; x_wconf 82' lang='lat' dir='ltr'>adalligatam</span> <span class='ocrx_word' id='word_1_39' title='bbox 1754 805 1875 865; x_wconf 84' lang='lat' dir='ltr'>pro·</span> 
     </span>
     <span class='ocr_line' id='line_1_8' title="bbox 530 855 1875 927; baseline 0.007 -11"><span class='ocrx_word' id='word_1_40' title='bbox 530 855 692 918; x_wconf 82' lang='lat' dir='ltr'>deffe</span> <span class='ocrx_word' id='word_1_41' title='bbox 735 876 937 920; x_wconf 88' lang='lat' dir='ltr'>contra</span> <span class='ocrx_word' id='word_1_42' title='bbox 980 859 1174 921; x_wconf 86' lang='lat' dir='ltr'>colum</span> <span class='ocrx_word' id='word_1_43' title='bbox 1222 860 1463 924; x_wconf 83' lang='lat' dir='ltr'>constat.</span> <span class='ocrx_word' id='word_1_44' title='bbox 1506 862 1650 925; x_wconf 85' lang='lat' dir='ltr'>Sunt</span> <span class='ocrx_word' id='word_1_45' title='bbox 1677 865 1875 927; x_wconf 86' lang='lat' dir='ltr'>occulti</span> 
     </span>
     <span class='ocr_line' id='line_1_9' title="bbox 529 937 1874 1025; baseline 0.009 -28"><span class='ocrx_word' id='word_1_46' title='bbox 529 937 958 1000; x_wconf 80' lang='lat' dir='ltr'>interaneorum</span> <span class='ocrx_word' id='word_1_47' title='bbox 975 941 1194 1015; x_wconf 85' lang='lat' dir='ltr'>morbi,</span> <span class='ocrx_word' id='word_1_48' title='bbox 1215 942 1288 1003; x_wconf 84' lang='lat' dir='ltr'>de</span> <span class='ocrx_word' id='word_1_49' title='bbox 1302 944 1512 1025; x_wconf 87' lang='lat' dir='ltr'>quibus</span> <span class='ocrx_word' id='word_1_50' title='bbox 1529 947 1736 1008; x_wconf 83' lang='lat' dir='ltr'>mirum</span> <span class='ocrx_word' id='word_1_51' title='bbox 1793 967 1874 1009; x_wconf 81' lang='lat' dir='ltr'>ro·</span> 
     </span>
     <span class='ocr_line' id='line_1_10' title="bbox 513 970 1873 1106; baseline 0.007 -25"><span class='ocrx_word' id='word_1_52' title='bbox 513 1018 711 1081; x_wconf 61' lang='lat' dir='ltr'>ditur.</span> <span class='ocrx_word' id='word_1_53' title='bbox 746 1018 805 1081; x_wconf 88' lang='lat' dir='ltr'>Si</span> <span class='ocrx_word' id='word_1_54' title='bbox 836 1021 1040 1094; x_wconf 87' lang='lat' dir='ltr'>catuli,</span> <span class='ocrx_word' id='word_1_55' title='bbox 1069 1021 1394 1106; x_wconf 82' lang='lat' dir='ltr'>priusquam</span> <span class='ocrx_word' id='word_1_56' title='bbox 1418 1026 1691 1102; x_wconf 85' lang='lat' dir='ltr'>videant,</span> <span class='ocrx_word' id='word_1_57' title='bbox 1714 970 1791 1088; x_wconf 58' lang='lat' dir='ltr'>ag</span> <span class='ocrx_word' id='word_1_58' title='bbox 1819 1027 1873 1089; x_wconf 81' lang='lat' dir='ltr'>li·</span> 
     </span>
     <span class='ocr_line' id='line_1_11' title="bbox 532 1100 1873 1192; baseline 0.007 -31"><span class='ocrx_word' id='word_1_59' title='bbox 532 1117 740 1162; x_wconf 83' lang='lat' dir='ltr'>centur</span> <span class='ocrx_word' id='word_1_60' title='bbox 763 1103 956 1164; x_wconf 77' lang='lat' dir='ltr'>triduo</span> <span class='ocrx_word' id='word_1_61' title='bbox 993 1100 1291 1165; x_wconf 85' lang='lat' dir='ltr'>stomacho</span> <span class='ocrx_word' id='word_1_62' title='bbox 1328 1108 1580 1169; x_wconf 71' lang='lat' dir='ltr'>maxime</span> <span class='ocrx_word' id='word_1_63' title='bbox 1608 1131 1673 1169; x_wconf 88' lang='lat' dir='ltr'>ac</span> <span class='ocrx_word' id='word_1_64' title='bbox 1699 1132 1738 1192; x_wconf 87' lang='lat' dir='ltr'>p</span> <span class='ocrx_word' id='word_1_65' title='bbox 1819 1129 1873 1170; x_wconf 88' lang='grc' dir='ltr'>ο·</span> 
     </span>
     <span class='ocr_line' id='line_1_12' title="bbox 532 1182 1866 1272; baseline 0.007 -32"><span class='ocrx_word' id='word_1_66' title='bbox 532 1183 624 1252; x_wconf 83' lang='lat' dir='ltr'>ri,</span> <span class='ocrx_word' id='word_1_67' title='bbox 650 1182 716 1243; x_wconf 73' lang='grc' dir='ltr'>δι</span> <span class='ocrx_word' id='word_1_68' title='bbox 738 1202 811 1242; x_wconf 87' lang='lat' dir='ltr'>ex</span> <span class='ocrx_word' id='word_1_69' title='bbox 851 1202 954 1244; x_wconf 88' lang='lat' dir='ltr'>ore</span> <span class='ocrx_word' id='word_1_70' title='bbox 989 1187 1125 1265; x_wconf 85' lang='lat' dir='ltr'>aegri</span> <span class='ocrx_word' id='word_1_71' title='bbox 1147 1182 1363 1247; x_wconf 70' lang='lat' dir='ltr'>suflum</span> <span class='ocrx_word' id='word_1_72' title='bbox 1402 1186 1560 1250; x_wconf 71' lang='lat' dir='ltr'>laffls</span> <span class='ocrx_word' id='word_1_73' title='bbox 1579 1192 1866 1272; x_wconf 81' lang='lat' dir='ltr'>accipiant,</span> 
     </span>
     <span class='ocr_line' id='line_1_13' title="bbox 529 1263 1870 1347; baseline 0.007 -26"><span class='ocrx_word' id='word_1_74' title='bbox 529 1263 774 1322; x_wconf 78' lang='lat' dir='ltr'>transire</span> <span class='ocrx_word' id='word_1_75' title='bbox 810 1265 935 1324; x_wconf 88' lang='lat' dir='ltr'>vim</span> <span class='ocrx_word' id='word_1_76' title='bbox 956 1265 1184 1339; x_wconf 81' lang='lat' dir='ltr'>morbi,</span> <span class='ocrx_word' id='word_1_77' title='bbox 1211 1264 1510 1347; x_wconf 74' lang='lat' dir='ltr'>postremo</span> <span class='ocrx_word' id='word_1_78' title='bbox 1535 1273 1829 1333; x_wconf 84' lang='lat' dir='ltr'>exanimari</span> <span class='ocrx_word' id='word_1_79' title='bbox 1849 1313 1870 1343; x_wconf 82' lang='lat'><em>,</em></span> 
     </span>
     <span class='ocr_line' id='line_1_14' title="bbox 530 1338 1953 1425; baseline 0.008 -25"><span class='ocrx_word' id='word_1_80' title='bbox 530 1338 883 1425; x_wconf 69' lang='lat' dir='ltr'>diffestisque</span> <span class='ocrx_word' id='word_1_81' title='bbox 959 1344 1109 1406; x_wconf 88' lang='lat' dir='ltr'>alam</span> <span class='ocrx_word' id='word_1_82' title='bbox 1145 1343 1271 1408; x_wconf 88' lang='lat' dir='ltr'>fieri</span> <span class='ocrx_word' id='word_1_83' title='bbox 1299 1371 1347 1409; x_wconf 86' lang='lat' dir='ltr'>ae</span> <span class='ocrx_word' id='word_1_84' title='bbox 1389 1350 1437 1409; x_wconf 85' lang='lat' dir='ltr'>ri</span> <span class='ocrx_word' id='word_1_85' title='bbox 1474 1351 1684 1415; x_wconf 86' lang='lat' dir='ltr'>causas.</span> <span class='ocrx_word' id='word_1_86' title='bbox 1726 1351 1865 1413; x_wconf 84' lang='lat' dir='ltr'>Mori</span> <span class='ocrx_word' id='word_1_87' title='bbox 1952 1370 1953 1373; x_wconf 71' lang='grc'>’</span> 
     </span>
     <span class='ocr_line' id='line_1_15' title="bbox 506 1422 1870 1501; baseline 0.01 -21"><span class='ocrx_word' id='word_1_88' title='bbox 506 1422 600 1496; x_wconf 37' lang='grc' dir='ltr'>,δι</span> <span class='ocrx_word' id='word_1_89' title='bbox 638 1422 860 1484; x_wconf 86' lang='lat' dir='ltr'>humari</span> <span class='ocrx_word' id='word_1_90' title='bbox 943 1425 1118 1487; x_wconf 87' lang='lat' dir='ltr'>ebere</span> <span class='ocrx_word' id='word_1_91' title='bbox 1157 1446 1262 1487; x_wconf 90' lang='lat' dir='ltr'>eos</span> <span class='ocrx_word' id='word_1_92' title='bbox 1303 1451 1340 1490; x_wconf 94' lang='lat' dir='ltr'>o</span> <span class='ocrx_word' id='word_1_93' title='bbox 1385 1447 1545 1494; x_wconf 83' lang='lat' dir='ltr'>tutos</span> <span class='ocrx_word' id='word_1_94' title='bbox 1563 1431 1870 1501; x_wconf 44' lang='lat' dir='ltr'>terrama.-</span> 
     </span>
     <span class='ocr_line' id='line_1_16' title="bbox 528 1503 1869 1595; baseline 0.016 -35"><span class='ocrx_word' id='word_1_95' title='bbox 528 1504 590 1584; x_wconf 85' lang='lat' dir='ltr'>gi</span> <span class='ocrx_word' id='word_1_96' title='bbox 622 1503 863 1585; x_wconf 88' lang='lat' dir='ltr'>quidem</span> <span class='ocrx_word' id='word_1_97' title='bbox 891 1503 1310 1588; x_wconf 83' lang='lat' dir='ltr'>vespertilionis</span> <span class='ocrx_word' id='word_1_98' title='bbox 1332 1510 1598 1595; x_wconf 88' lang='lat' dir='ltr'>sanguine</span> <span class='ocrx_word' id='word_1_99' title='bbox 1623 1512 1869 1581; x_wconf 68' lang='lat' dir='ltr'>contaeio</span> 
     </span>
     <span class='ocr_line' id='line_1_17' title="bbox 523 1588 1868 1659; baseline 0.008 -13"><span class='ocrx_word' id='word_1_100' title='bbox 523 1602 772 1659; x_wconf 72' lang='lat' dir='ltr'>ventre,</span> <span class='ocrx_word' id='word_1_101' title='bbox 800 1588 860 1644; x_wconf 90' lang='lat' dir='ltr'>in</span> <span class='ocrx_word' id='word_1_102' title='bbox 892 1604 1083 1649; x_wconf 90' lang='lat' dir='ltr'>totum</span> <span class='ocrx_word' id='word_1_103' title='bbox 1116 1602 1347 1653; x_wconf 74' lang='lat' dir='ltr'>‘annum</span> <span class='ocrx_word' id='word_1_104' title='bbox 1392 1598 1588 1655; x_wconf 87' lang='lat' dir='ltr'>caveri</span> <span class='ocrx_word' id='word_1_105' title='bbox 1623 1596 1868 1657; x_wconf 81' lang='lat' dir='ltr'>dolorem</span> 
     </span>
     <span class='ocr_line' id='line_1_18' title="bbox 517 1665 1871 1760; baseline 0.011 -35"><span class='ocrx_word' id='word_1_106' title='bbox 517 1665 799 1739; x_wconf 57' lang='lat' dir='ltr'>tradunt:</span> <span class='ocrx_word' id='word_1_107' title='bbox 823 1684 919 1728; x_wconf 86' lang='lat' dir='ltr'>aut</span> <span class='ocrx_word' id='word_1_108' title='bbox 954 1669 1017 1729; x_wconf 86' lang='lat' dir='ltr'>in</span> <span class='ocrx_word' id='word_1_109' title='bbox 1054 1670 1295 1744; x_wconf 86' lang='lat' dir='ltr'>dolore,</span> <span class='ocrx_word' id='word_1_110' title='bbox 1331 1676 1377 1734; x_wconf 90' lang='lat' dir='ltr'>si</span> <span class='ocrx_word' id='word_1_111' title='bbox 1479 1677 1526 1735; x_wconf 89' lang='lat' dir='ltr'>is</span> <span class='ocrx_word' id='word_1_112' title='bbox 1548 1697 1750 1760; x_wconf 83' lang='lat' dir='ltr'>aquam</span> <span class='ocrx_word' id='word_1_113' title='bbox 1777 1694 1871 1759; x_wconf 78' lang='lat' dir='ltr'>pet</span> 
     </span>
     <span class='ocr_line' id='line_1_19' title="bbox 533 1745 1953 1829; baseline 0.012 -22"><span class='ocrx_word' id='word_1_114' title='bbox 533 1745 720 1829; x_wconf 85' lang='lat' dir='ltr'>pedes</span> <span class='ocrx_word' id='word_1_115' title='bbox 757 1747 1040 1811; x_wconf 87' lang='lat' dir='ltr'>fluentem</span> <span class='ocrx_word' id='word_1_116' title='bbox 1072 1751 1297 1815; x_wconf 86' lang='lat' dir='ltr'>haurire</span> <span class='ocrx_word' id='word_1_117' title='bbox 1337 1753 1396 1817; x_wconf 87' lang='lat' dir='ltr'>su</span> <span class='ocrx_word' id='word_1_118' title='bbox 1449 1758 1623 1822; x_wconf 64' lang='lat' dir='ltr'>&#39;nean</span> <span class='ocrx_word' id='word_1_119' title='bbox 1952 1762 1953 1767; x_wconf 68' lang='grc'>’</span> 
     </span>
     <span class='ocr_line' id='line_1_20' title="bbox 611 1826 1862 1909; baseline 0.009 -20"><span class='ocrx_word' id='word_1_120' title='bbox 611 1827 778 1891; x_wconf 88' lang='grc' dir='ltr'><strong>ΧΧῙ.</strong></span> <span class='ocrx_word' id='word_1_121' title='bbox 812 1826 871 1891; x_wconf 88' lang='grc'>8.</span> <span class='ocrx_word' id='word_1_122' title='bbox 913 1830 1165 1895; x_wconf 68' lang='grc' dir='ltr'>Μιιῐίησ</span> <span class='ocrx_word' id='word_1_123' title='bbox 1204 1832 1347 1896; x_wconf 87' lang='lat' dir='ltr'>fimo</span> <span class='ocrx_word' id='word_1_124' title='bbox 1384 1855 1588 1901; x_wconf 86' lang='lat' dir='ltr'>contra</span> <span class='ocrx_word' id='word_1_125' title='bbox 1630 1837 1862 1909; x_wconf 61' lang='lat' dir='ltr'>calculos</span> 
     </span>
     <span class='ocr_line' id='line_1_21' title="bbox 531 1906 1866 1990; baseline 0.011 -21"><span class='ocrx_word' id='word_1_126' title='bbox 531 1906 759 1971; x_wconf 79' lang='lat' dir='ltr'>illinere</span> <span class='ocrx_word' id='word_1_127' title='bbox 801 1929 1072 1974; x_wconf 86' lang='lat' dir='ltr'>ventrem</span> <span class='ocrx_word' id='word_1_128' title='bbox 1151 1915 1361 1978; x_wconf 86' lang='lat' dir='ltr'>rodest.</span> <span class='ocrx_word' id='word_1_129' title='bbox 1384 1919 1708 1990; x_wconf 45' lang='lat' dir='ltr'>,Herinacei</span> <span class='ocrx_word' id='word_1_130' title='bbox 1753 1941 1866 1982; x_wconf 83' lang='lat' dir='ltr'>car·</span> 
     </span>
     <span class='ocr_line' id='line_1_22' title="bbox 529 1990 1866 2085; baseline 0.008 -35"><span class='ocrx_word' id='word_1_131' title='bbox 529 2010 672 2050; x_wconf 84' lang='lat' dir='ltr'>nem</span> <span class='ocrx_word' id='word_1_132' title='bbox 696 1990 1011 2072; x_wconf 84' lang='lat' dir='ltr'>jucundam</span> <span class='ocrx_word' id='word_1_133' title='bbox 1059 2015 1091 2055; x_wconf 91' lang='lat' dir='ltr'>e</span> <span class='ocrx_word' id='word_1_134' title='bbox 1139 2016 1171 2056; x_wconf 90' lang='lat' dir='ltr'>e</span> <span class='ocrx_word' id='word_1_135' title='bbox 1221 1999 1481 2072; x_wconf 89' lang='lat' dir='ltr'>aiunt,si</span> <span class='ocrx_word' id='word_1_136' title='bbox 1517 2005 1706 2085; x_wconf 88' lang='lat' dir='ltr'>capite</span> <span class='ocrx_word' id='word_1_137' title='bbox 1749 2021 1866 2085; x_wconf 75' lang='lat' dir='ltr'>per-</span> 
     </span>
     <span class='ocr_line' id='line_1_23' title="bbox 528 2068 1953 2165; baseline 0.013 -37"><span class='ocrx_word' id='word_1_138' title='bbox 528 2068 686 2131; x_wconf 83' lang='lat' dir='ltr'>cufl&#39;o</span> <span class='ocrx_word' id='word_1_139' title='bbox 735 2092 853 2131; x_wconf 89' lang='lat' dir='ltr'>uno</span> <span class='ocrx_word' id='word_1_140' title='bbox 897 2074 1008 2134; x_wconf 66' lang='lat' dir='ltr'>iciu</span> <span class='ocrx_word' id='word_1_141' title='bbox 1047 2076 1460 2154; x_wconf 80' lang='lat' dir='ltr'>interficiatur,</span> <span class='ocrx_word' id='word_1_142' title='bbox 1500 2085 1661 2163; x_wconf 70' lang='lat' dir='ltr'>prius</span> <span class='ocrx_word' id='word_1_143' title='bbox 1713 2082 1864 2165; x_wconf 65' lang='lat' dir='ltr'>quam</span> <span class='ocrx_word' id='word_1_144' title='bbox 1952 2141 1953 2148; x_wconf 73' lang='grc'>,</span> 
     </span>
     <span class='ocr_line' id='line_1_24' title="bbox 524 2148 1863 2243; baseline 0.013 -37"><span class='ocrx_word' id='word_1_145' title='bbox 524 2148 588 2207; x_wconf 88' lang='lat' dir='ltr'>in</span> <span class='ocrx_word' id='word_1_146' title='bbox 630 2149 688 2210; x_wconf 92' lang='lat' dir='ltr'>se</span> <span class='ocrx_word' id='word_1_147' title='bbox 714 2154 936 2212; x_wconf 88' lang='lat' dir='ltr'>urinam</span> <span class='ocrx_word' id='word_1_148' title='bbox 975 2156 1213 2220; x_wconf 82' lang='lat' dir='ltr'>reddat:</span> <span class='ocrx_word' id='word_1_149' title='bbox 1241 2179 1344 2220; x_wconf 87' lang='lat' dir='ltr'>eos</span> <span class='ocrx_word' id='word_1_150' title='bbox 1378 2164 1475 2243; x_wconf 87' lang='lat' dir='ltr'>qui</span> <span class='ocrx_word' id='word_1_151' title='bbox 1500 2184 1733 2227; x_wconf 87' lang='lat' dir='ltr'>carnem</span> <span class='ocrx_word' id='word_1_152' title='bbox 1747 2164 1863 2226; x_wconf 86' lang='lat' dir='ltr'>ede·</span> 
     </span>
     <span class='ocr_line' id='line_1_25' title="bbox 522 2228 1864 2314; baseline 0.014 -27"><span class='ocrx_word' id='word_1_153' title='bbox 522 2228 682 2300; x_wconf 87' lang='lat' dir='ltr'>rint,</span> <span class='ocrx_word' id='word_1_154' title='bbox 716 2228 1037 2314; x_wconf 75' lang='lat' dir='ltr'>stranguriae</span> <span class='ocrx_word' id='word_1_155' title='bbox 1069 2239 1344 2301; x_wconf 81' lang='lat' dir='ltr'>morbum</span> <span class='ocrx_word' id='word_1_156' title='bbox 1398 2246 1734 2308; x_wconf 84' lang='lat' dir='ltr'>contrahere</span> <span class='ocrx_word' id='word_1_157' title='bbox 1770 2245 1864 2305; x_wconf 86' lang='lat' dir='ltr'>mi-</span> 
     </span>
     <span class='ocr_line' id='line_1_26' title="bbox 523 2309 1862 2389; baseline 0.011 -18"><span class='ocrx_word' id='word_1_158' title='bbox 523 2310 684 2371; x_wconf 75' lang='lat' dir='ltr'>nime</span> <span class='ocrx_word' id='word_1_159' title='bbox 759 2309 896 2373; x_wconf 82' lang='lat' dir='ltr'>offe.</span> <span class='ocrx_word' id='word_1_160' title='bbox 930 2312 1076 2376; x_wconf 82' lang='lat' dir='ltr'>Haec</span> <span class='ocrx_word' id='word_1_161' title='bbox 1101 2338 1238 2381; x_wconf 89' lang='lat' dir='ltr'>caro</span> <span class='ocrx_word' id='word_1_162' title='bbox 1261 2323 1335 2382; x_wconf 86' lang='lat' dir='ltr'>ad</span> <span class='ocrx_word' id='word_1_163' title='bbox 1353 2322 1504 2386; x_wconf 88' lang='lat' dir='ltr'>hunc</span> <span class='ocrx_word' id='word_1_164' title='bbox 1526 2328 1763 2389; x_wconf 86' lang='lat' dir='ltr'>modum</span> <span class='ocrx_word' id='word_1_165' title='bbox 1780 2345 1862 2385; x_wconf 82' lang='lat' dir='ltr'>oc-</span> 
     </span>
     <span class='ocr_line' id='line_1_27' title="bbox 525 2392 1863 2470; baseline 0.011 -18"><span class='ocrx_word' id='word_1_166' title='bbox 525 2393 665 2465; x_wconf 87' lang='lat' dir='ltr'>cisi,</span> <span class='ocrx_word' id='word_1_167' title='bbox 740 2392 970 2455; x_wconf 84' lang='lat' dir='ltr'>illicidia</span> <span class='ocrx_word' id='word_1_168' title='bbox 988 2398 1048 2457; x_wconf 89' lang='lat' dir='ltr'>in</span> <span class='ocrx_word' id='word_1_169' title='bbox 1069 2402 1268 2463; x_wconf 62' lang='lat' dir='ltr'>vesica</span> <span class='ocrx_word' id='word_1_170' title='bbox 1290 2407 1562 2468; x_wconf 83' lang='lat' dir='ltr'>emendat</span> <span class='ocrx_word' id='word_1_171' title='bbox 1580 2430 1598 2470; x_wconf 73' lang='lat' dir='ltr'><em>z</em></span> <span class='ocrx_word' id='word_1_172' title='bbox 1616 2409 1751 2470; x_wconf 86' lang='lat' dir='ltr'>item</span> <span class='ocrx_word' id='word_1_173' title='bbox 1770 2402 1863 2467; x_wconf 83' lang='lat' dir='ltr'>suf·</span> 
     </span>
     <span class='ocr_line' id='line_1_28' title="bbox 521 2469 1953 2560; baseline 0.017 -30"><span class='ocrx_word' id='word_1_174' title='bbox 521 2469 657 2533; x_wconf 88' lang='lat' dir='ltr'>fitus</span> <span class='ocrx_word' id='word_1_175' title='bbox 690 2492 765 2533; x_wconf 82' lang='lat' dir='ltr'>ex</span> <span class='ocrx_word' id='word_1_176' title='bbox 791 2475 1026 2539; x_wconf 88' lang='lat' dir='ltr'>eodem.</span> <span class='ocrx_word' id='word_1_177' title='bbox 1051 2475 1241 2560; x_wconf 87' lang='lat' dir='ltr'>Quod</span> <span class='ocrx_word' id='word_1_178' title='bbox 1261 2486 1308 2544; x_wconf 89' lang='lat' dir='ltr'>si</span> <span class='ocrx_word' id='word_1_179' title='bbox 1329 2487 1551 2549; x_wconf 88' lang='lat' dir='ltr'>urinam</span> <span class='ocrx_word' id='word_1_180' title='bbox 1583 2490 1647 2549; x_wconf 87' lang='lat' dir='ltr'>in</span> <span class='ocrx_word' id='word_1_181' title='bbox 1671 2488 1731 2550; x_wconf 84' lang='lat' dir='ltr'>se</span> <span class='ocrx_word' id='word_1_182' title='bbox 1746 2485 1862 2552; x_wconf 67' lang='grc' dir='ltr'>τεά-</span> <span class='ocrx_word' id='word_1_183' title='bbox 1952 2527 1953 2530; x_wconf 33' lang='lat'>¹</span> 
     </span>
     <span class='ocr_line' id='line_1_29' title="bbox 522 2552 1953 2651; baseline 0.015 -39"><span class='ocrx_word' id='word_1_184' title='bbox 522 2552 765 2631; x_wconf 83' lang='lat' dir='ltr'>diderit,</span> <span class='ocrx_word' id='word_1_185' title='bbox 798 2575 901 2617; x_wconf 89' lang='lat' dir='ltr'>eos</span> <span class='ocrx_word' id='word_1_186' title='bbox 943 2561 1044 2641; x_wconf 88' lang='lat' dir='ltr'>qui</span> <span class='ocrx_word' id='word_1_187' title='bbox 1076 2582 1310 2625; x_wconf 85' lang='lat' dir='ltr'>carnem</span> <span class='ocrx_word' id='word_1_188' title='bbox 1335 2567 1596 2642; x_wconf 87' lang='lat' dir='ltr'>ederint,</span> <span class='ocrx_word' id='word_1_189' title='bbox 1632 2568 1860 2651; x_wconf 82' lang='lat' dir='ltr'>strangu·</span> <span class='ocrx_word' id='word_1_190' title='bbox 1952 2627 1953 2634; x_wconf 72' lang='grc'>,</span> 
     </span>
     <span class='ocr_line' id='line_1_30' title="bbox 521 2635 1862 2712; baseline 0.01 -18"><span class='ocrx_word' id='word_1_191' title='bbox 521 2635 623 2707; x_wconf 82' lang='lat' dir='ltr'>riae</span> <span class='ocrx_word' id='word_1_192' title='bbox 661 2637 933 2699; x_wconf 90' lang='lat' dir='ltr'>morbum</span> <span class='ocrx_word' id='word_1_193' title='bbox 968 2643 1306 2707; x_wconf 82' lang='lat' dir='ltr'>contrahere</span> <span class='ocrx_word' id='word_1_194' title='bbox 1361 2650 1621 2712; x_wconf 84' lang='lat' dir='ltr'>traditur.</span> <span class='ocrx_word' id='word_1_195' title='bbox 1674 2650 1862 2712; x_wconf 81' lang='lat' dir='ltr'>Juhent</span> 
     </span>
     <span class='ocr_line' id='line_1_31' title="bbox 529 2715 1953 2794; baseline 0.011 -19"><span class='ocrx_word' id='word_1_196' title='bbox 529 2715 597 2774; x_wconf 89' lang='lat'>&amp;</span> <span class='ocrx_word' id='word_1_197' title='bbox 630 2738 861 2794; x_wconf 86' lang='lat' dir='ltr'>vermes</span> <span class='ocrx_word' id='word_1_198' title='bbox 901 2737 1162 2786; x_wconf 87' lang='lat' dir='ltr'>terrenos</span> <span class='ocrx_word' id='word_1_199' title='bbox 1183 2725 1303 2786; x_wconf 88' lang='lat' dir='ltr'>bibi</span> <span class='ocrx_word' id='word_1_200' title='bbox 1338 2747 1411 2789; x_wconf 84' lang='lat' dir='ltr'>ex</span> <span class='ocrx_word' id='word_1_201' title='bbox 1442 2732 1588 2792; x_wconf 82' lang='lat' dir='ltr'>vino</span> <span class='ocrx_word' id='word_1_202' title='bbox 1609 2748 1707 2792; x_wconf 88' lang='lat' dir='ltr'>aut</span> <span class='ocrx_word' id='word_1_203' title='bbox 1765 2725 1860 2789; x_wconf 80' lang='lat' dir='ltr'>ass&#39;o</span> <span class='ocrx_word' id='word_1_204' title='bbox 1952 2763 1953 2766; x_wconf 35' lang='lat'>¹</span> 
     </span>
     <span class='ocr_line' id='line_1_32' title="bbox 522 2794 1953 2880; baseline 0.018 -24"><span class='ocrx_word' id='word_1_205' title='bbox 522 2794 601 2879; x_wconf 53' lang='grc' dir='ltr'>φά</span> <span class='ocrx_word' id='word_1_206' title='bbox 649 2799 1131 2880; x_wconf 75' lang='lat' dir='ltr'>comminuendos</span> <span class='ocrx_word' id='word_1_207' title='bbox 1163 2806 1459 2874; x_wconf 79' lang='lat' dir='ltr'>calculos:</span> <span class='ocrx_word' id='word_1_208' title='bbox 1496 2811 1596 2876; x_wconf 81' lang='lat' dir='ltr'>vel</span> <span class='ocrx_word' id='word_1_209' title='bbox 1616 2833 1724 2877; x_wconf 88' lang='lat' dir='ltr'>coc</span> <span class='ocrx_word' id='word_1_210' title='bbox 1783 2823 1863 2880; x_wconf 54' lang='lat' dir='ltr'>ew</span> <span class='ocrx_word' id='word_1_211' title='bbox 1952 2811 1953 2850; x_wconf 67' lang='lat'>³</span> 
     </span>
    </p>
   </div>
  </div>
 </body>
</html>
