<?xml version="1.0" encoding="UTF-8"?>
<!DOCTYPE html PUBLIC "-//W3C//DTD XHTML 1.0 Transitional//EN"
    "http://www.w3.org/TR/xhtml1/DTD/xhtml1-transitional.dtd">
<html xmlns="http://www.w3.org/1999/xhtml" xml:lang="en" lang="en">
 <head>
  <title>
</title>
<meta http-equiv="Content-Type" content="text/html;charset=utf-8" />
  <meta name='ocr-system' content='tesseract 3.04.00' />
  <meta name='ocr-capabilities' content='ocr_page ocr_carea ocr_par ocr_line ocrx_word'/>
</head>
<body>
  <div class='ocr_page' id='page_1' title='image "./caiipliniisecun04unkngoog_0012.png"; bbox 0 0 2000 3600; ppageno 0'>
   <div class='ocr_carea' id='block_1_1' title="bbox 509 248 1616 327">
    <p class='ocr_par' dir='ltr' id='par_1_1' title="bbox 509 248 1616 327">
     <span class='ocr_line' id='line_1_1' title="bbox 509 248 1616 327; baseline -0.008 0"><span class='ocrx_word' id='word_1_1' title='bbox 509 264 607 327; x_wconf 39' lang='grc' dir='ltr'><strong>Ξμ</strong></span> <span class='ocrx_word' id='word_1_2' title='bbox 702 250 773 321; x_wconf 85' lang='lat' dir='ltr'><strong>C.</strong></span> <span class='ocrx_word' id='word_1_3' title='bbox 823 248 1616 319; x_wconf 30' lang='grc' dir='ltr'><strong>ΡιιΝιικΝΑτυιὲ.</strong></span> 
     </span>
    </p>
   </div>
   <div class='ocr_carea' id='block_1_2' title="bbox 501 365 1956 2233">
    <p class='ocr_par' dir='ltr' id='par_1_2' title="bbox 501 365 1956 2233">
     <span class='ocr_line' id='line_1_2' title="bbox 502 365 1860 450; baseline -0.007 -16"><span class='ocrx_word' id='word_1_4' title='bbox 502 373 565 434; x_wconf 85' lang='lat' dir='ltr'><strong>in</strong></span> <span class='ocrx_word' id='word_1_5' title='bbox 597 369 794 431; x_wconf 85' lang='lat' dir='ltr'><strong>alienis</strong></span> <span class='ocrx_word' id='word_1_6' title='bbox 833 365 1154 450; x_wconf 82' lang='lat' dir='ltr'><strong>miseriis,)</strong></span> <span class='ocrx_word' id='word_1_7' title='bbox 1195 376 1336 429; x_wconf 82' lang='lat' dir='ltr'><strong>mox</strong></span> <span class='ocrx_word' id='word_1_8' title='bbox 1371 368 1435 431; x_wconf 75' lang='grc' dir='ltr'><strong>δι</strong></span> <span class='ocrx_word' id='word_1_9' title='bbox 1467 365 1737 447; x_wconf 87' lang='lat' dir='ltr'><strong>usurpato</strong></span> <span class='ocrx_word' id='word_1_10' title='bbox 1754 368 1860 426; x_wconf 59' lang='lat' dir='ltr'><strong>voi&#39;</strong></span> 
     </span>
     <span class='ocr_line' id='line_1_3' title="bbox 504 440 1863 530; baseline -0.007 -18"><span class='ocrx_word' id='word_1_11' title='bbox 504 448 747 523; x_wconf 86' lang='lat' dir='ltr'><strong>cabulo,</strong></span> <span class='ocrx_word' id='word_1_12' title='bbox 784 464 1175 530; x_wconf 84' lang='lat' dir='ltr'><strong>mentagram:</strong></span> <span class='ocrx_word' id='word_1_13' title='bbox 1211 465 1596 530; x_wconf 83' lang='lat' dir='ltr'>occupantem</span> <span class='ocrx_word' id='word_1_14' title='bbox 1625 449 1684 506; x_wconf 86' lang='lat' dir='ltr'><strong>in</strong></span> <span class='ocrx_word' id='word_1_15' title='bbox 1714 440 1863 504; x_wconf 83' lang='lat' dir='ltr'><strong>mul·.</strong></span> 
     </span>
     <span class='ocr_line' id='line_1_4' title="bbox 501 526 1864 608; baseline -0.007 -17"><span class='ocrx_word' id='word_1_16' title='bbox 501 533 576 592; x_wconf 80' lang='lat' dir='ltr'><strong>tis</strong></span> <span class='ocrx_word' id='word_1_17' title='bbox 615 545 774 589; x_wconf 86' lang='lat' dir='ltr'><strong>totos</strong></span> <span class='ocrx_word' id='word_1_18' title='bbox 817 530 1015 608; x_wconf 87' lang='lat' dir='ltr'><strong>utique</strong></span> <span class='ocrx_word' id='word_1_19' title='bbox 1039 527 1231 589; x_wconf 85' lang='lat' dir='ltr'><strong>vultus</strong></span> <span class='ocrx_word' id='word_1_20' title='bbox 1250 574 1267 599; x_wconf 90' lang='lat'><strong>,</strong></span> <span class='ocrx_word' id='word_1_21' title='bbox 1304 528 1485 590; x_wconf 86' lang='lat' dir='ltr'><strong>oculis</strong></span> <span class='ocrx_word' id='word_1_22' title='bbox 1520 527 1744 587; x_wconf 76' lang='lat' dir='ltr'><strong>tantiim</strong></span> <span class='ocrx_word' id='word_1_23' title='bbox 1760 526 1864 584; x_wconf 56' lang='lat' dir='ltr'><strong>im,</strong></span> 
     </span>
     <span class='ocr_line' id='line_1_5' title="bbox 502 603 1865 680; baseline -0.006 -8"><span class='ocrx_word' id='word_1_24' title='bbox 502 608 808 680; x_wconf 81' lang='lat' dir='ltr'><strong>munibus,</strong></span> <span class='ocrx_word' id='word_1_25' title='bbox 848 605 1300 670; x_wconf 84' lang='lat' dir='ltr'><strong>descendentem</strong></span> <span class='ocrx_word' id='word_1_26' title='bbox 1336 611 1483 671; x_wconf 78' lang='lat' dir='ltr'><strong>verb</strong></span> <span class='ocrx_word' id='word_1_27' title='bbox 1520 609 1586 670; x_wconf 86' lang='lat'>&amp;</span> <span class='ocrx_word' id='word_1_28' title='bbox 1619 609 1678 666; x_wconf 89' lang='lat' dir='ltr'><strong>in</strong></span> <span class='ocrx_word' id='word_1_29' title='bbox 1718 603 1865 666; x_wconf 82' lang='lat' dir='ltr'><strong>colla</strong></span> 
     </span>
     <span class='ocr_line' id='line_1_6' title="bbox 502 683 1867 774; baseline -0.003 -25"><span class='ocrx_word' id='word_1_30' title='bbox 502 687 711 774; x_wconf 67' lang='lat' dir='ltr'><strong>pestus</strong></span> <span class='ocrx_word' id='word_1_31' title='bbox 741 708 829 748; x_wconf 79' lang='lat' dir='ltr'><strong>ue·</strong></span> <span class='ocrx_word' id='word_1_32' title='bbox 852 710 917 750; x_wconf 91' lang='lat' dir='ltr'><strong>ac</strong></span> <span class='ocrx_word' id='word_1_33' title='bbox 953 705 1189 761; x_wconf 86' lang='lat' dir='ltr'><strong>manus,</strong></span> <span class='ocrx_word' id='word_1_34' title='bbox 1222 687 1386 750; x_wconf 80' lang='lat' dir='ltr'><strong>foedo</strong></span> <span class='ocrx_word' id='word_1_35' title='bbox 1435 691 1582 750; x_wconf 86' lang='lat' dir='ltr'><strong>cutis</strong></span> <span class='ocrx_word' id='word_1_36' title='bbox 1629 683 1867 747; x_wconf 85' lang='lat' dir='ltr'><strong>furfure.</strong></span> 
     </span>
     <span class='ocr_line' id='line_1_7' title="bbox 590 763 1866 847; baseline -0.005 -16"><span class='ocrx_word' id='word_1_37' title='bbox 590 766 694 831; x_wconf 90' lang='lat' dir='ltr'><strong>III.</strong></span> <span class='ocrx_word' id='word_1_38' title='bbox 784 789 864 829; x_wconf 91' lang='lat' dir='ltr'><strong>on</strong></span> <span class='ocrx_word' id='word_1_39' title='bbox 904 768 1088 830; x_wconf 85' lang='lat' dir='ltr'><strong>fuerat</strong></span> <span class='ocrx_word' id='word_1_40' title='bbox 1123 769 1246 829; x_wconf 86' lang='lat' dir='ltr'><strong>haec</strong></span> <span class='ocrx_word' id='word_1_41' title='bbox 1273 768 1397 829; x_wconf 86' lang='lat' dir='ltr'><strong>lues</strong></span> <span class='ocrx_word' id='word_1_42' title='bbox 1424 790 1457 829; x_wconf 89' lang='lat' dir='ltr'><strong>a</strong></span> <span class='ocrx_word' id='word_1_43' title='bbox 1499 768 1581 829; x_wconf 87' lang='lat' dir='ltr'><strong>ud</strong></span> <span class='ocrx_word' id='word_1_44' title='bbox 1611 763 1866 847; x_wconf 77' lang='lat' dir='ltr'><strong>majores</strong></span> 
     </span>
     <span class='ocr_line' id='line_1_8' title="bbox 502 845 1871 934; baseline -0.002 -25"><span class='ocrx_word' id='word_1_45' title='bbox 502 848 809 934; x_wconf 86' lang='lat' dir='ltr'><strong>patresque</strong></span> <span class='ocrx_word' id='word_1_46' title='bbox 830 848 1077 925; x_wconf 83' lang='lat' dir='ltr'><strong>nostros.</strong></span> <span class='ocrx_word' id='word_1_47' title='bbox 1095 847 1170 910; x_wconf 90' lang='lat' dir='ltr'><strong>Et</strong></span> <span class='ocrx_word' id='word_1_48' title='bbox 1191 851 1443 930; x_wconf 73' lang='lat' dir='ltr'><strong>primum</strong></span> <span class='ocrx_word' id='word_1_49' title='bbox 1516 849 1687 911; x_wconf 90' lang='lat' dir='ltr'><strong>iberii</strong></span> <span class='ocrx_word' id='word_1_50' title='bbox 1702 845 1871 909; x_wconf 89' lang='lat' dir='ltr'><strong>Clau-</strong></span> 
     </span>
     <span class='ocr_line' id='line_1_9' title="bbox 501 928 1871 1012; baseline -0.002 -21"><span class='ocrx_word' id='word_1_51' title='bbox 501 931 585 993; x_wconf 76' lang='lat' dir='ltr'><strong>dii</strong></span> <span class='ocrx_word' id='word_1_52' title='bbox 621 928 861 993; x_wconf 83' lang='lat' dir='ltr'><strong>Caesaris</strong></span> <span class='ocrx_word' id='word_1_53' title='bbox 956 931 1235 1010; x_wconf 85' lang='lat' dir='ltr'><strong>rincipatu</strong></span> <span class='ocrx_word' id='word_1_54' title='bbox 1296 929 1496 999; x_wconf 76' lang='lat' dir='ltr'><strong>medio</strong></span> <span class='ocrx_word' id='word_1_55' title='bbox 1536 931 1768 1012; x_wconf 85' lang='lat' dir='ltr'><strong>irrepsit</strong></span> <span class='ocrx_word' id='word_1_56' title='bbox 1810 930 1871 988; x_wconf 77' lang='lat' dir='ltr'><strong>iu</strong></span> 
     </span>
     <span class='ocr_line' id='line_1_10' title="bbox 502 1009 1870 1093; baseline -0.004 -19"><span class='ocrx_word' id='word_1_57' title='bbox 502 1010 899 1093; x_wconf 86' lang='lat' dir='ltr'><strong>Italiam‚quo</strong></span> <span class='ocrx_word' id='word_1_58' title='bbox 943 1031 1037 1070; x_wconf 90' lang='lat' dir='ltr'><strong>am</strong></span> <span class='ocrx_word' id='word_1_59' title='bbox 1049 1009 1325 1072; x_wconf 87' lang='lat' dir='ltr'><strong>Perusino</strong></span> <span class='ocrx_word' id='word_1_60' title='bbox 1349 1030 1382 1070; x_wconf 93' lang='lat' dir='ltr'><strong>e</strong></span> <span class='ocrx_word' id='word_1_61' title='bbox 1425 1011 1544 1070; x_wconf 92' lang='lat' dir='ltr'><strong>uite</strong></span> <span class='ocrx_word' id='word_1_62' title='bbox 1560 1010 1870 1082; x_wconf 76' lang='lat' dir='ltr'><strong>Romano,</strong></span> 
     </span>
     <span class='ocr_line' id='line_1_11' title="bbox 549 1087 1873 1173; baseline -0.003 -21"><span class='ocrx_word' id='word_1_63' title='bbox 549 1090 818 1152; x_wconf 87' lang='lat' dir='ltr'><strong>uaestorio</strong></span> <span class='ocrx_word' id='word_1_64' title='bbox 856 1090 1075 1164; x_wconf 68' lang='lat' dir='ltr'><strong>scriba,</strong></span> <span class='ocrx_word' id='word_1_65' title='bbox 1117 1092 1251 1150; x_wconf 71' lang='lat' dir='ltr'><strong>cum</strong></span> <span class='ocrx_word' id='word_1_66' title='bbox 1285 1091 1345 1148; x_wconf 90' lang='lat' dir='ltr'><strong>in</strong></span> <span class='ocrx_word' id='word_1_67' title='bbox 1445 1091 1533 1151; x_wconf 68' lang='lat' dir='ltr'><strong>sia</strong></span> <span class='ocrx_word' id='word_1_68' title='bbox 1576 1087 1873 1173; x_wconf 86' lang='lat' dir='ltr'><strong>apparuis-</strong></span> 
     </span>
     <span class='ocr_line' id='line_1_12' title="bbox 505 1115 1878 1253; baseline -0.001 -21"><span class='ocrx_word' id='word_1_69' title='bbox 505 1115 632 1242; x_wconf 45' lang='lat' dir='ltr'><strong>set,</strong></span> <span class='ocrx_word' id='word_1_70' title='bbox 666 1169 805 1230; x_wconf 84' lang='lat' dir='ltr'><strong>inde</strong></span> <span class='ocrx_word' id='word_1_71' title='bbox 853 1172 1262 1252; x_wconf 82' lang='lat' dir='ltr'><strong>contagionem</strong></span> <span class='ocrx_word' id='word_1_72' title='bbox 1319 1167 1444 1249; x_wconf 77' lang='lat' dir='ltr'><strong>ejus</strong></span> <span class='ocrx_word' id='word_1_73' title='bbox 1499 1173 1878 1253; x_wconf 84' lang='lat' dir='ltr'><strong>importante.</strong></span> 
     </span>
     <span class='ocr_line' id='line_1_13' title="bbox 505 1247 1877 1324; baseline -0.002 -11"><span class='ocrx_word' id='word_1_74' title='bbox 505 1251 639 1313; x_wconf 90' lang='lat' dir='ltr'><strong>Nec</strong></span> <span class='ocrx_word' id='word_1_75' title='bbox 675 1247 896 1309; x_wconf 86' lang='lat' dir='ltr'><strong>sensere</strong></span> <span class='ocrx_word' id='word_1_76' title='bbox 930 1250 991 1309; x_wconf 90' lang='lat' dir='ltr'><strong>id</strong></span> <span class='ocrx_word' id='word_1_77' title='bbox 1028 1250 1245 1309; x_wconf 90' lang='lat' dir='ltr'><strong>malum</strong></span> <span class='ocrx_word' id='word_1_78' title='bbox 1269 1247 1536 1324; x_wconf 84' lang='lat' dir='ltr'><strong>feminae,</strong></span> <span class='ocrx_word' id='word_1_79' title='bbox 1568 1269 1669 1312; x_wconf 92' lang='lat' dir='ltr'><strong>aut</strong></span> <span class='ocrx_word' id='word_1_80' title='bbox 1700 1249 1877 1314; x_wconf 86' lang='lat' dir='ltr'><strong>servi·</strong></span> 
     </span>
     <span class='ocr_line' id='line_1_14' title="bbox 506 1327 1876 1413; baseline 0.001 -22"><span class='ocrx_word' id='word_1_81' title='bbox 506 1334 622 1404; x_wconf 83' lang='lat' dir='ltr'><strong>ria,</strong></span> <span class='ocrx_word' id='word_1_82' title='bbox 667 1327 879 1413; x_wconf 86' lang='lat' dir='ltr'><strong>plebes</strong></span> <span class='ocrx_word' id='word_1_83' title='bbox 909 1349 981 1389; x_wconf 87' lang='lat' dir='ltr'><strong>ue</strong></span> <span class='ocrx_word' id='word_1_84' title='bbox 1036 1329 1297 1400; x_wconf 86' lang='lat' dir='ltr'><strong>humilis,</strong></span> <span class='ocrx_word' id='word_1_85' title='bbox 1323 1347 1422 1391; x_wconf 90' lang='lat' dir='ltr'><strong>aut</strong></span> <span class='ocrx_word' id='word_1_86' title='bbox 1472 1332 1724 1401; x_wconf 78' lang='lat' dir='ltr'><strong>media:</strong></span> <span class='ocrx_word' id='word_1_87' title='bbox 1778 1329 1876 1393; x_wconf 86' lang='lat' dir='ltr'><strong>sed</strong></span> 
     </span>
     <span class='ocr_line' id='line_1_15' title="bbox 505 1408 1874 1495; baseline 0.004 -26"><span class='ocrx_word' id='word_1_88' title='bbox 505 1431 785 1495; x_wconf 85' lang='lat' dir='ltr'><strong>proceres</strong></span> <span class='ocrx_word' id='word_1_89' title='bbox 823 1429 899 1470; x_wconf 84' lang='lat' dir='ltr'><strong>ve</strong></span> <span class='ocrx_word' id='word_1_90' title='bbox 924 1408 1019 1470; x_wconf 86' lang='lat' dir='ltr'><strong>oci</strong></span> <span class='ocrx_word' id='word_1_91' title='bbox 1062 1413 1300 1471; x_wconf 82' lang='lat' dir='ltr'><strong>transitu</strong></span> <span class='ocrx_word' id='word_1_92' title='bbox 1350 1408 1528 1471; x_wconf 90' lang='lat' dir='ltr'><strong>osculi</strong></span> <span class='ocrx_word' id='word_1_93' title='bbox 1577 1413 1874 1474; x_wconf 76' lang='lat' dir='ltr'><strong>maxime:</strong></span> 
     </span>
     <span class='ocr_line' id='line_1_16' title="bbox 507 1490 1882 1573; baseline 0 -19"><span class='ocrx_word' id='word_1_94' title='bbox 507 1490 760 1554; x_wconf 81' lang='lat' dir='ltr'><strong>foediore</strong></span> <span class='ocrx_word' id='word_1_95' title='bbox 797 1490 1151 1564; x_wconf 89' lang='lat' dir='ltr'><strong>multorum,</strong></span> <span class='ocrx_word' id='word_1_96' title='bbox 1191 1493 1289 1572; x_wconf 87' lang='lat' dir='ltr'><strong>qui</strong></span> <span class='ocrx_word' id='word_1_97' title='bbox 1339 1495 1570 1573; x_wconf 87' lang='lat' dir='ltr'><strong>perpeti</strong></span> <span class='ocrx_word' id='word_1_98' title='bbox 1631 1493 1882 1571; x_wconf 76' lang='lat' dir='ltr'><strong>medici·</strong></span> 
     </span>
     <span class='ocr_line' id='line_1_17' title="bbox 507 1571 1884 1653; baseline 0.004 -22"><span class='ocrx_word' id='word_1_99' title='bbox 507 1576 647 1637; x_wconf 47' lang='lat' dir='ltr'><strong>na‘m</strong></span> <span class='ocrx_word' id='word_1_100' title='bbox 664 1571 1089 1644; x_wconf 81' lang='lat' dir='ltr'><strong>toleraverant,</strong></span> <span class='ocrx_word' id='word_1_101' title='bbox 1109 1571 1411 1647; x_wconf 84' lang='lat' dir='ltr'><strong>cicatrice,</strong></span> <span class='ocrx_word' id='word_1_102' title='bbox 1435 1572 1615 1653; x_wconf 73' lang='lat' dir='ltr'><strong>quam</strong></span> <span class='ocrx_word' id='word_1_103' title='bbox 1646 1575 1884 1637; x_wconf 82' lang='lat' dir='ltr'><strong>morbo.</strong></span> 
     </span>
     <span class='ocr_line' id='line_1_18' title="bbox 509 1651 1881 1737; baseline 0.001 -22"><span class='ocrx_word' id='word_1_104' title='bbox 509 1651 792 1715; x_wconf 88' lang='lat' dir='ltr'><strong>Causticis</strong></span> <span class='ocrx_word' id='word_1_105' title='bbox 831 1672 1079 1735; x_wconf 89' lang='lat' dir='ltr'><strong>namque</strong></span> <span class='ocrx_word' id='word_1_106' title='bbox 1118 1652 1414 1713; x_wconf 85' lang='lat' dir='ltr'><strong>curabatur</strong></span> <span class='ocrx_word' id='word_1_107' title='bbox 1447 1674 1461 1712; x_wconf 72' lang='grc' dir='ltr'><strong>ε</strong></span> <span class='ocrx_word' id='word_1_108' title='bbox 1507 1655 1570 1713; x_wconf 90' lang='lat' dir='ltr'><strong>ni</strong></span> <span class='ocrx_word' id='word_1_109' title='bbox 1606 1653 1789 1737; x_wconf 89' lang='lat' dir='ltr'><strong>usque</strong></span> <span class='ocrx_word' id='word_1_110' title='bbox 1820 1656 1881 1716; x_wconf 85' lang='lat' dir='ltr'><strong>in</strong></span> 
     </span>
     <span class='ocr_line' id='line_1_19' title="bbox 510 1729 1887 1817; baseline 0.001 -21"><span class='ocrx_word' id='word_1_111' title='bbox 510 1732 633 1796; x_wconf 89' lang='lat' dir='ltr'><strong>ossa</strong></span> <span class='ocrx_word' id='word_1_112' title='bbox 675 1754 885 1817; x_wconf 89' lang='lat' dir='ltr'><strong>corpus</strong></span> <span class='ocrx_word' id='word_1_113' title='bbox 922 1730 1183 1794; x_wconf 83' lang='lat' dir='ltr'><strong>exustum</strong></span> <span class='ocrx_word' id='word_1_114' title='bbox 1213 1729 1351 1793; x_wconf 91' lang='lat' dir='ltr'><strong>esset</strong></span> <span class='ocrx_word' id='word_1_115' title='bbox 1372 1775 1392 1804; x_wconf 91' lang='lat'>,</span> <span class='ocrx_word' id='word_1_116' title='bbox 1424 1732 1752 1800; x_wconf 86' lang='lat' dir='ltr'><strong>rebellante</strong></span> <span class='ocrx_word' id='word_1_117' title='bbox 1779 1750 1887 1799; x_wconf 75' lang='lat' dir='ltr'><strong>tae&#39;-</strong></span> 
     </span>
     <span class='ocr_line' id='line_1_20' title="bbox 510 1811 1886 1954; baseline -0.009 -75"><span class='ocrx_word' id='word_1_118' title='bbox 510 1818 634 1880; x_wconf 88' lang='lat' dir='ltr'><strong>dio.</strong></span> <span class='ocrx_word' id='word_1_119' title='bbox 675 1811 1176 1896; x_wconf 86' lang='lat' dir='ltr'><strong>Adveneruntque</strong></span> <span class='ocrx_word' id='word_1_120' title='bbox 1209 1834 1281 1874; x_wconf 84' lang='lat' dir='ltr'><strong>ex</strong></span> <span class='ocrx_word' id='word_1_121' title='bbox 1320 1813 1595 1954; x_wconf 64' lang='lat' dir='ltr'><strong>AEgypto</strong></span> <span class='ocrx_word' id='word_1_122' title='bbox 1644 1819 1886 1902; x_wconf 71' lang='lat' dir='ltr'><strong>genitri-</strong></span> 
     </span>
     <span class='ocr_line' id='line_1_21' title="bbox 508 1892 1889 1966; baseline -0.001 -7"><span class='ocrx_word' id='word_1_123' title='bbox 508 1918 583 1959; x_wconf 88' lang='lat' dir='ltr'><strong>ce</strong></span> <span class='ocrx_word' id='word_1_124' title='bbox 632 1896 834 1957; x_wconf 75' lang='lat' dir='ltr'><strong>talium</strong></span> <span class='ocrx_word' id='word_1_125' title='bbox 882 1898 1161 1958; x_wconf 84' lang='lat' dir='ltr'><strong>vitiorum</strong></span> <span class='ocrx_word' id='word_1_126' title='bbox 1196 1892 1444 1966; x_wconf 88' lang='lat' dir='ltr'><strong>medici,</strong></span> <span class='ocrx_word' id='word_1_127' title='bbox 1527 1916 1643 1958; x_wconf 85' lang='lat' dir='ltr'><strong>ane</strong></span> <span class='ocrx_word' id='word_1_128' title='bbox 1701 1897 1889 1961; x_wconf 85' lang='lat' dir='ltr'><strong>solam</strong></span> 
     </span>
     <span class='ocr_line' id='line_1_22' title="bbox 508 1972 1956 2058; baseline 0.003 -21"><span class='ocrx_word' id='word_1_129' title='bbox 508 1995 760 2058; x_wconf 88' lang='lat' dir='ltr'><strong>operam</strong></span> <span class='ocrx_word' id='word_1_130' title='bbox 797 1974 1156 2051; x_wconf 83' lang='lat' dir='ltr'><strong>adferentes,</strong></span> <span class='ocrx_word' id='word_1_131' title='bbox 1177 1973 1385 2058; x_wconf 66' lang='lat' dir='ltr'><strong>magna</strong></span> <span class='ocrx_word' id='word_1_132' title='bbox 1420 1972 1519 2035; x_wconf 68' lang='lat' dir='ltr'><strong>sua</strong></span> <span class='ocrx_word' id='word_1_133' title='bbox 1598 1979 1889 2043; x_wconf 67' lang='lat' dir='ltr'><strong>raeda.Si·</strong></span> <span class='ocrx_word' id='word_1_134' title='bbox 1952 2005 1956 2010; x_wconf 93' lang='lat'>·</span> 
     </span>
     <span class='ocr_line' id='line_1_23' title="bbox 509 2054 1891 2140; baseline 0.004 -23"><span class='ocrx_word' id='word_1_135' title='bbox 509 2055 752 2140; x_wconf 88' lang='lat' dir='ltr'><strong>quidem</strong></span> <span class='ocrx_word' id='word_1_136' title='bbox 787 2073 1012 2116; x_wconf 87' lang='lat' dir='ltr'><strong>certum</strong></span> <span class='ocrx_word' id='word_1_137' title='bbox 1045 2054 1170 2128; x_wconf 85' lang='lat' dir='ltr'><strong>est,</strong></span> <span class='ocrx_word' id='word_1_138' title='bbox 1199 2055 1507 2118; x_wconf 86' lang='lat' dir='ltr'><strong>Manilium</strong></span> <span class='ocrx_word' id='word_1_139' title='bbox 1600 2077 1603 2081; x_wconf 61' lang='grc'>“</span> <span class='ocrx_word' id='word_1_140' title='bbox 1643 2079 1891 2123; x_wconf 87' lang='lat' dir='ltr'><strong>rnutum</strong></span> 
     </span>
     <span class='ocr_line' id='line_1_24' title="bbox 512 2134 1893 2233; baseline 0.005 -36"><span class='ocrx_word' id='word_1_141' title='bbox 512 2158 566 2231; x_wconf 49' lang='lat' dir='ltr'><strong>e·</strong></span> <span class='ocrx_word' id='word_1_142' title='bbox 591 2137 867 2218; x_wconf 76' lang='lat' dir='ltr'><strong>praetoriis</strong></span> <span class='ocrx_word' id='word_1_143' title='bbox 916 2136 1169 2219; x_wconf 87' lang='lat' dir='ltr'><strong>legatum</strong></span> <span class='ocrx_word' id='word_1_144' title='bbox 1221 2134 1584 2233; x_wconf 71' lang='lat' dir='ltr'><strong>Aquitanicae</strong></span> <span class='ocrx_word' id='word_1_145' title='bbox 1639 2139 1893 2221; x_wconf 76' lang='lat' dir='ltr'><strong>provin-</strong></span> 
     </span>
    </p>
   </div>
   <div class='ocr_carea' id='block_1_3' title="bbox 504 2213 1891 2290">
    <p class='ocr_par' dir='ltr' id='par_1_3' title="bbox 504 2213 1891 2290">
     <span class='ocr_line' id='line_1_25' title="bbox 504 2213 1891 2290; baseline 0.006 -13"><span class='ocrx_word' id='word_1_146' title='bbox 504 2239 662 2290; x_wconf 74' lang='lat' dir='ltr'><strong>ciae,</strong></span> <span class='ocrx_word' id='word_1_147' title='bbox 705 2234 833 2278; x_wconf 79' lang='lat' dir='ltr'><strong>H-S.</strong></span> <span class='ocrx_word' id='word_1_148' title='bbox 880 2233 983 2279; x_wconf 76' lang='lat' dir='ltr'><strong>ce.</strong></span> <span class='ocrx_word' id='word_1_149' title='bbox 1010 2213 1252 2278; x_wconf 84' lang='lat' dir='ltr'><strong>elocasse</strong></span> <span class='ocrx_word' id='word_1_150' title='bbox 1294 2239 1355 2277; x_wconf 87' lang='lat' dir='ltr'><strong>m</strong></span> <span class='ocrx_word' id='word_1_151' title='bbox 1401 2238 1477 2279; x_wconf 91' lang='lat' dir='ltr'><strong>eo</strong></span> <span class='ocrx_word' id='word_1_152' title='bbox 1514 2222 1738 2283; x_wconf 89' lang='lat' dir='ltr'><strong>morbo</strong></span> <span class='ocrx_word' id='word_1_153' title='bbox 1784 2245 1891 2285; x_wconf 85' lang='lat' dir='ltr'><strong>cu·</strong></span> 
     </span>
    </p>
   </div>
   <div class='ocr_carea' id='block_1_4' title="bbox 511 2287 1893 2380">
    <p class='ocr_par' dir='ltr' id='par_1_4' title="bbox 511 2287 1893 2380">
     <span class='ocr_line' id='line_1_26' title="bbox 511 2287 1893 2380; baseline 0.006 -21"><span class='ocrx_word' id='word_1_154' title='bbox 511 2297 758 2360; x_wconf 87' lang='lat' dir='ltr'><strong>randum</strong></span> <span class='ocrx_word' id='word_1_155' title='bbox 797 2294 935 2358; x_wconf 89' lang='lat' dir='ltr'><strong>sese.</strong></span> <span class='ocrx_word' id='word_1_156' title='bbox 975 2287 1325 2380; x_wconf 87' lang='lat' dir='ltr'><strong>Acciditque</strong></span> <span class='ocrx_word' id='word_1_157' title='bbox 1355 2295 1590 2379; x_wconf 85' lang='lat' dir='ltr'><strong>saepius‚</strong></span> <span class='ocrx_word' id='word_1_158' title='bbox 1614 2320 1686 2364; x_wconf 89' lang='lat' dir='ltr'><strong>ut</strong></span> <span class='ocrx_word' id='word_1_159' title='bbox 1726 2324 1893 2366; x_wconf 82' lang='lat' dir='ltr'><strong>nova</strong></span> 
     </span>
    </p>
   </div>
   <div class='ocr_carea' id='block_1_5' title="bbox 500 2376 1895 2461">
    <p class='ocr_par' dir='ltr' id='par_1_5' title="bbox 500 2376 1895 2461">
     <span class='ocr_line' id='line_1_27' title="bbox 500 2376 1895 2461; baseline 0.005 -21"><span class='ocrx_word' id='word_1_160' title='bbox 500 2376 719 2448; x_wconf 70' lang='lat' dir='ltr'><strong>,contra</strong></span> <span class='ocrx_word' id='word_1_161' title='bbox 750 2397 962 2460; x_wconf 84' lang='lat' dir='ltr'><strong>genera</strong></span> <span class='ocrx_word' id='word_1_162' title='bbox 995 2378 1337 2442; x_wconf 83' lang='lat' dir='ltr'><strong>morborum</strong></span> <span class='ocrx_word' id='word_1_163' title='bbox 1373 2382 1665 2461; x_wconf 84' lang='lat' dir='ltr'><strong>gregatim</strong></span> <span class='ocrx_word' id='word_1_164' title='bbox 1704 2382 1895 2447; x_wconf 83' lang='lat' dir='ltr'><strong>senti·-</strong></span> 
     </span>
    </p>
   </div>
   <div class='ocr_carea' id='block_1_6' title="bbox 510 2454 1899 2781">
    <p class='ocr_par' dir='ltr' id='par_1_6' title="bbox 510 2454 1899 2781">
     <span class='ocr_line' id='line_1_28' title="bbox 513 2454 1899 2549; baseline 0.001 -28"><span class='ocrx_word' id='word_1_165' title='bbox 513 2475 730 2521; x_wconf 85' lang='lat' dir='ltr'><strong>rentur.</strong></span> <span class='ocrx_word' id='word_1_166' title='bbox 763 2454 911 2537; x_wconf 86' lang='lat' dir='ltr'><strong>Quo</strong></span> <span class='ocrx_word' id='word_1_167' title='bbox 942 2459 1254 2521; x_wconf 83' lang='lat' dir='ltr'><strong>mirabilius</strong></span> <span class='ocrx_word' id='word_1_168' title='bbox 1294 2460 1434 2540; x_wconf 89' lang='lat' dir='ltr'><strong>quid</strong></span> <span class='ocrx_word' id='word_1_169' title='bbox 1478 2460 1673 2541; x_wconf 89' lang='lat' dir='ltr'><strong>potest</strong></span> <span class='ocrx_word' id='word_1_170' title='bbox 1717 2485 1899 2549; x_wconf 80' lang='lat' dir='ltr'><strong>repe-</strong></span> 
     </span>
     <span class='ocr_line' id='line_1_29' title="bbox 513 2537 1895 2621; baseline 0.005 -19"><span class='ocrx_word' id='word_1_171' title='bbox 513 2539 659 2602; x_wconf 74' lang='lat' dir='ltr'><strong>riri?</strong></span> <span class='ocrx_word' id='word_1_172' title='bbox 695 2537 885 2619; x_wconf 88' lang='lat' dir='ltr'><strong>aliqua</strong></span> <span class='ocrx_word' id='word_1_173' title='bbox 929 2541 1084 2621; x_wconf 87' lang='lat' dir='ltr'><strong>gigni</strong></span> <span class='ocrx_word' id='word_1_174' title='bbox 1132 2540 1373 2620; x_wconf 71' lang='lat' dir='ltr'><strong>repente</strong></span> <span class='ocrx_word' id='word_1_175' title='bbox 1408 2541 1551 2602; x_wconf 79' lang='lat' dir='ltr'><strong>vitia</strong></span> <span class='ocrx_word' id='word_1_176' title='bbox 1587 2556 1895 2609; x_wconf 87' lang='lat' dir='ltr'><strong>terrarum</strong></span> 
     </span>
     <span class='ocr_line' id='line_1_30' title="bbox 510 2617 1896 2703; baseline 0.001 -19"><span class='ocrx_word' id='word_1_177' title='bbox 510 2622 575 2684; x_wconf 87' lang='lat' dir='ltr'><strong>in</strong></span> <span class='ocrx_word' id='word_1_178' title='bbox 610 2636 773 2703; x_wconf 89' lang='lat' dir='ltr'><strong>parte</strong></span> <span class='ocrx_word' id='word_1_179' title='bbox 807 2623 998 2695; x_wconf 70' lang='lat' dir='ltr'><strong>certa,</strong></span> <span class='ocrx_word' id='word_1_180' title='bbox 1021 2617 1405 2701; x_wconf 86' lang='lat' dir='ltr'><strong>membrisque</strong></span> <span class='ocrx_word' id='word_1_181' title='bbox 1422 2621 1735 2686; x_wconf 87' lang='lat' dir='ltr'><strong>hominum</strong></span> <span class='ocrx_word' id='word_1_182' title='bbox 1754 2648 1896 2688; x_wconf 89' lang='lat' dir='ltr'><strong>cer-</strong></span> 
     </span>
     <span class='ocr_line' id='line_1_31' title="bbox 510 2698 1899 2781; baseline 0.006 -21"><span class='ocrx_word' id='word_1_183' title='bbox 510 2702 587 2760; x_wconf 78' lang='lat' dir='ltr'><strong>ris</strong></span> <span class='ocrx_word' id='word_1_184' title='bbox 605 2743 624 2769; x_wconf 93' lang='lat'><strong>,</strong></span> <span class='ocrx_word' id='word_1_185' title='bbox 664 2698 763 2762; x_wconf 84' lang='lat' dir='ltr'><strong>vel</strong></span> <span class='ocrx_word' id='word_1_186' title='bbox 784 2702 1046 2762; x_wconf 85' lang='lat' dir='ltr'><strong>aetatibus</strong></span> <span class='ocrx_word' id='word_1_187' title='bbox 1063 2744 1085 2778; x_wconf 85' lang='lat'><strong><em>,</em></strong></span> <span class='ocrx_word' id='word_1_188' title='bbox 1112 2719 1209 2762; x_wconf 91' lang='lat' dir='ltr'><strong>aut</strong></span> <span class='ocrx_word' id='word_1_189' title='bbox 1228 2702 1400 2763; x_wconf 87' lang='lat' dir='ltr'><strong>etiam</strong></span> <span class='ocrx_word' id='word_1_190' title='bbox 1425 2700 1711 2781; x_wconf 81' lang='lat' dir='ltr'><strong>fortunis,</strong></span> <span class='ocrx_word' id='word_1_191' title='bbox 1734 2723 1899 2768; x_wconf 84' lang='lat' dir='ltr'><strong>tam·</strong></span> 
     </span>
    </p>
   </div>
   <div class='ocr_carea' id='block_1_7' title="bbox 512 2779 1903 2872">
    <p class='ocr_par' dir='ltr' id='par_1_7' title="bbox 512 2779 1903 2872">
     <span class='ocr_line' id='line_1_32' title="bbox 512 2779 1903 2872; baseline 0.007 -31"><span class='ocrx_word' id='word_1_192' title='bbox 512 2798 690 2865; x_wconf 80' lang='lat' dir='ltr'><strong>quam</strong></span> <span class='ocrx_word' id='word_1_193' title='bbox 724 2779 881 2843; x_wconf 85' lang='lat' dir='ltr'><strong>malo</strong></span> <span class='ocrx_word' id='word_1_194' title='bbox 920 2782 1203 2863; x_wconf 83' lang='lat' dir='ltr'><strong>eligente,</strong></span> <span class='ocrx_word' id='word_1_195' title='bbox 1231 2781 1355 2872; x_wconf 57' lang='lat' dir='ltr'><strong>haec</strong></span> <span class='ocrx_word' id='word_1_196' title='bbox 1393 2781 1455 2841; x_wconf 86' lang='lat' dir='ltr'><strong>in</strong></span> <span class='ocrx_word' id='word_1_197' title='bbox 1487 2785 1691 2866; x_wconf 82' lang='lat' dir='ltr'><strong>pueris</strong></span> <span class='ocrx_word' id='word_1_198' title='bbox 1731 2787 1903 2871; x_wconf 66' lang='lat' dir='ltr'><strong>graf·</strong></span> 
     </span>
    </p>
   </div>
   <div class='ocr_carea' id='block_1_8' title="bbox 1992 1823 2000 2468">
    <p class='ocr_par' dir='ltr' id='par_1_8' title="bbox 1992 1823 2000 2468">
     <span class='ocr_line' id='line_1_33' title="bbox 1992 1823 2000 2468; baseline 0 0"><span class='ocrx_word' id='word_1_199' title='bbox 1992 1823 2000 2468; x_wconf 95' lang='lat' dir='ltr'><strong> </strong></span> 
     </span>
    </p>
   </div>
  </div>
 </body>
</html>
