2000 3600
519 227 672 317 ‘264
768 219 1739 296 C.P1.11v11NArv1t.

515 364 745 409 morem
779 339 1033 407 cochleae
1067 341 1302 402 minutae
1335 358 1473 400 cum
1505 340 1679 402 melle
1722 339 1861 403 illita
1942 336 1943 383 7

527 430 764 492 leniunt.
1304 443 1312 451 ·
1572 450 1583 455 ·
1632 486 1637 493 ,
1848 452 1860 461 ·

601 501 825 566 ΧΧΗΙ.
858 520 918 584 9.
956 501 1198 563 Varices
1238 521 1314 564 ne
1354 500 1653 565 nascantur
1700 503 1869 564 lacer-2

519 603 597 648 tae
631 585 901 668 sanguine
940 588 1132 666 pueris
1171 605 1342 644 crura
1378 583 1586 663 jejunis
1617 603 1650 644 a
1679 582 1855 666 jejuno

516 667 834 728 illinuntur.
857 666 1143 749 podagras
1174 666 1314 726 lenit
1339 665 1616 748 oesypum
1641 684 1761 725 curn
1788 665 1854 725 la·
1942 664 1943 723 3

518 746 610 809 &e
631 748 890 808 mulieris
924 749 990 808 ὃ(
1024 745 1287 806 cerussat
1323 744 1530 807 fimum
1555 748 1849 828 pecudum,

535 838 538 843 ⁴
604 830 685 890 od
725 830 764 889 li
844 828 1005 888 idum
1044 827 1664 908 redduntipulmones
1694 847 1852 909 pecu·

519 850 699 971 ἕζεαι
734 908 791 970 fe
854 910 1042 970 arietis
1084 929 1217 968 cum
1256 907 1441 969 sevo:
1479 928 1668 969 mures
1710 905 1853 967 diffe-

520 990 596 1052 &i
626 994 705 1051 im
749 992 915 1052 ositi:
948 988 1173 1072 sanguis}
1212 987 1468 1050 mustelae
1493 1011 1627 1050 cum
1651 989 1851 1069 planta-

519 1076 654 1156 gine
691 1074 866 1133 ilitus
891 1118 910 1142 ,
959 1072 1026 1132 &
1071 1072 1226 1132 vivae
1275 1069 1589 1131 combustae
1629 1073 1755 1130 cinis
1791 1085 1852 1128 ex

522 1171 691 1214 aceto
711 1197 731 1225 ‚
765 1154 829 1213 δι
861 1151 1097 1212 rosaceo
1120 1195 1140 1223 ‚
1173 1155 1223 1213 si
1258 1147 1851 1234 pennaillinatunvel

519 1235 567 1294 si
601 1252 733 1292 cera
774 1234 839 1294 &
876 1231 1177 1292 rosaceum
1231 1231 1645 1294 admisceatur:
1679 1232 1750 1292 fel
1775 1251 1854 1292 ca-

515 1314 717 1374 ninum
738 1357 758 1386 ‚
792 1314 890 1371 ita·
904 1334 979 1373 ne
1011 1334 1203 1375 suana
1242 1315 1586 1397 attingatur,
1622 1312 1715 1373 sed
1735 1333 1855 1395 pen-,

513 1393 589 1455 na
623 1393 909 1458 illinatur:
944 1391 1151 1453 fimum
1188 1395 1564 1481 gallinarum:
1593 1396 1854 1455 vermium
1942 1428 1943 1477 3

512 1476 1061 1536 terrenorum·cinis
1099 1496 1234 1537 cum
1269 1475 1478 1549 melle,
1513 1477 1595 1535 ita
1617 1495 1677 1536 ut
1702 1476 1853 1537 tertio

515 1556 613 1616 die
660 1552 969 1617 solvantur.
1005 1555 1127 1617 Alii
1177 1577 1265 1617 ex·
1292 1558 1444 1637 aquii
1484 1558 1706 1618 illinere
1746 1576 1856 1617 ma-

513 1637 656 1697 lunt.
698 1637 819 1699 Alii
861 1636 1015 1718 ipsos
1047 1654 1213 1698 aceto
1246 1637 1511 1698 mensura
1561 1658 1691 1698 cum
1732 1635 1856 1698 mel·

513 1719 572 1779 le
625 1718 849 1800 cyathis
884 1719 1102 1792 tribus,
1148 1719 1397 1801 pedibus
1451 1719 1583 1779 ante
1640 1717 1857 1780 rosaceo
1942 1726 1943 1779 ἒ

514 1799 821 1884 perunffis'.
858 1797 1143 1862 Cochleae
1171 1801 1299 1861 latae
1336 1820 1495 1883 potae
1536 1800 1735 1863 tollere
1772 1802 1857 1862 ‹11-

512 1900 723 1942 cuntur
753 1881 971 1964 pedum
1006 1884 1071 1944 &
1103 1881 1474 1943 articulorum
1500 1883 1750 1944 dolores.
1768 1881 1856 1943 Bi·

510 1961 727 2023 buntur
759 1981 957 2024 autem
995 1963 1150 2024 binae
1178 1966 1241 2024 in
1276 1965 1417 2025 vino
1443 1965 1616 2025 tritae.
1641 1963 1855 2026 Eaedem

508 2040 805 2103 illinuntur
827 2065 960 2103 cum
980 2044 1238 2107 helxines
1271 2045 1465 2105 hetbae
1489 2044 1678 2108 succo.
1780 2046 1855 2105 ui·

507 2120 645 2184 dam
668 2144 742 2186 ex
765 2141 935 2183 aceto
953 2125 1230 2187 intrivisse
1254 2129 1514 2187 contenti
1537 2125 1679 2188 sunt.
1778 2126 1854 2186 ui·

508 2199 646 2265 dam
684 2200 795 2262 sale
833 2224 969 2263 cum
1005 2207 1213 2286 vipera
1245 2226 1501 2270 cremato
1532 2210 1592 2267 in
1632 2207 1742 2269 0113
1761 2226 1855 2268 no-

506 2282 625 2357 va,
658 2283 723 2346 &
759 2281 958 2365 saepius
995 2283 1229 2370 sumpto
1249 2335 1269 2360 ‚
1322 2292 1476 2349 aiunt
1507 2289 1760 2372 podath
1791 2285 1856 2347 li-

508 2365 711 2427 berari.
747 2364 910 2427 Utile
944 2365 1057 2427 esse
1085 2370 1152 2431 ὃ(
1186 2370 1356 2451 adipe
1393 2372 1667 2451 viperino
1686 2368 1855 2451 peden

509 2446 766 2536 perungi.
794 2445 869 2507 Et
910 2448 985 2509 de
1018 2449 1201 2511 milvo
1244 2449 1549 2512 adfirmant
1570 2497 1595 2525 ,
1631 2454 1680 2511 si
1701 2453 1855 2511 inve-

505 2545 695 2590 terato
742 2529 994 2611 tritoque
1017 2573 1036 2603 ,
1074 2535 1348 2613 quantum
1398 2551 1516 2593 tres
1565 2534 1624 2592 di
1665 2535 1726 2592 iti
1771 2549 1854 2591 ca-

506 2611 700 2692 piant,
722 2608 950 2671 bibatur
994 2632 1066 2671 ex
1120 2613 1287 2695 aqua.
1320 2614 1447 2674 Aut
1480 2615 1530 2674 si
1546 2634 1624 2697 pe
1669 2634 1729 2675 es
1751 2610 1856 2672 san·

506 2693 679 2772 guine
724 2713 857 2752 cum
894 2691 1114 2753 urtica:
1148 2694 1248 2755 vel
1295 2696 1499 2777 pennis
1554 2693 1859 2792 palumbo-
1942 2707 1943 2768 5

502 2790 664 2847 rum,
686 2771 1862 2917 cumprimumnafeentuutrinschtquf
1942 2779 1943 2790 ³

1716 2872 1792 2919 tic
1840 2872 1862 2919 ἶ
