2000 3600
445 260 596 337 '¹40
692 241 1166 315 C.·PL1N11
1215 241 1352 311 NA
1376 253 1636 309 rnna-

408 351 694 427 'miarum
739 360 905 421 urina
968 360 1111 421 illita
1168 360 1531 419 inimicorum
1576 353 1827 437 januae
1850 392 1885 432 9

451 444 652 506 odium
705 444 968 502 omnium
1022 440 1324 501 hominum
1363 439 1451 497 his
1485 440 1894 500 conciliare.

452 522 660 585 Cauda
686 524 921 583 flumina
959 523 1026 583 &
1058 541 1335 602 aquarum
1370 521 1649 600 impetus
1691 518 1883 591 sisti,

451 602 750 685 serpentes
807 601 868 663 so
914 603 1082 663 orari.
1129 600 1351 660 Eadem
1392 599 1722 660 medicata
1776 618 1887 659 ce-

446 683 562 746 dro
595 684 661 746 &
701 625 944 763 myrriia
965 728 983 753 ,
1007 681 1333 764 illigataque
1372 681 1627 761 gemino
1683 695 1882 739 ramo

450 763 694 848 palma,
734 761 1053 846 percussam
1094 783 1303 844 aquam
1340 759 1573 832 discuti,
1599 776 1684 819 ut
1724 779 1878 839 quae

462 848 620 906 intus
642 845 753 906 sint
785 846 981 904 omnia
1013 863 1086 923 ap
1129 859 1355 902 areant:
1387 842 1766 921 utinamque
1792 859 1882 900 eo

453 946 624 988 ramo
687 924 980 985 conracius
1045 944 1079 983 e
1124 939 1182 982 et
1222 921 1598 983 Democritus
1621 966 1647 994 ,
1696 939 1871 1001 quo-

459 1008 614 1067 niam
651 1005 732 1065 ita
765 1005 783 1064 l
869 1006 1138 1065 uacitates
1176 1002 1515 1062 immodicas
1556 1001 1871 1095 promisit

458 1086 729 1147 inhiberi.
772 1085 847 1145 Pa
869 1106 1077 1164 amque
1115 1081 1233 1152 est,
1265 1084 1459 1145 virum
1499 1081 1655 1140 allas
1703 1080 1872 1162 saga·

461 1186 597 1227 cem
634 1167 700 1226 &
735 1166 873 1225 vitae
906 1164 1272 1226 utilissimum
1292 1204 1314 1235 ,
1348 1163 1533 1223 nimio
1585 1158 1866 1242 iuvandi

460 1244 734 1312 mortales
767 1242 956 1304 studio
1037 1242 1345 1323 relapsum.

544 1323 741 1385 XXX.
786 1322 877 1384 Ex
911 1324 982 1384 ea
1027 1345 1122 1384 em
1160 1322 1537 1384 similitudine
1566 1320 1663 1384 est
1695 1321 1859 1382 scin-

460 1425 562 1466 cus
575 1449 600 1479 ,
633 1424 807 1487 quem
843 1401 1080 1485 quidam
1109 1402 1435 1465 terrestrem
1462 1402 1861 1466 crocodilum

465 1482 580 1547 effe
605 1486 908 1560 dixerunt,
927 1484 1228 1546 candidior
1260 1499 1488 1559 autem,
1508 1486 1580 1546 ὃ(
1600 1484 1858 1545 tenuio-

467 1586 533 1626 re
577 1582 731 1627 cute.
776 1564 1070 1645 Praecipua
1107 1581 1302 1625 tamen
1343 1562 1679 1625 differentia
1720 1562 1858 1643 dig-

466 1643 718 1708 noscitur
769 1666 805 1705 a
866 1644 1170 1707 crocodilo
1198 1687 1219 1719 ‚
1274 1642 1642 1726 squamarum
1701 1640 1857 1703 serie

467 1746 506 1788 a
534 1725 717 1787 cauda
757 1725 830 1786 ad
867 1747 934 1787 ca
978 1741 1042 1786 ut
1098 1723 1291 1787 versa.
1333 1723 1631 1786 Maximus
1683 1721 1853 1785 Indi·-
1989 1689 1991 1796 i

422 1832 426 1858 ³
469 1829 610 1883 cus,
655 1807 865 1869 deinde
909 1747 1214 1870 Krabicusss
1264 1805 1632 1868 Adferuntur
1696 1803 1854 1865 salsi.

420 1922 423 1929 ⁴
471 1887 751 1950 Rostrum
794 1887 917 1969 ejus
957 1890 1023 1951 &
1057 1889 1239 1970 pedes
1275 1889 1334 1946 in
1367 1888 1695 1967 vinoalbo
1733 1905 1848 1966 po-

472 1969 562 2041 ti,
598 1969 938 2049 cupiditates
971 1968 1222 2029 Veneris
1240 1968 1559 2029 accendunt
1583 1989 1602 2028 t
1634 1968 1843 2047 utique

470 2067 609 2106 cum
643 2047 857 2127 satyrio
913 2049 979 2108 &
1035 2068 1221 2109 erucae
1269 2046 1484 2109 semine
1518 2091 1543 2121 ‚
1595 2045 1845 2130 singulis

470 2125 758 2188 drachmis
791 2129 1053 2188 omnium
1073 2171 1094 2199 ‚
1126 2149 1192 2188 ac
1229 2130 1445 2209 piperis
1487 2128 1714 2190 duabus
1743 2123 1844 2186 ad·
1985 2080 1988 2245 i

428 2236 433 2241 ·
471 2207 665 2268 mixtis
687 2251 707 2279 ‚
759 2208 837 2266 ita
872 2223 936 2266 ut
967 2206 1174 2286 pastilli
1218 2210 1568 2291 singularum
1631 2206 1841 2271 drach-

470 2305 696 2348 marum
732 2285 1040 2350 bibantur:
1071 2308 1182 2369 per
1228 2286 1288 2348 se
1340 2290 1587 2351 laterum
1634 2305 1835 2353 carnes

434 2416 439 2423 .
476 2365 668 2428 obolis
709 2366 860 2428 binis
897 2386 1034 2426 cum
1084 2369 1325 2450 myrrha
1369 2371 1435 2432 &
1470 2373 1672 2452 pipere
1758 2366 1838 2427 ari

458 2447 661 2509 -modo
707 2465 899 2528 potat,
926 2445 1282 2509 efficaciores
1303 2450 1374 2508 ad
1400 2450 1559 2512 idem
1591 2468 1691 2512 cre
1735 2464 1838 2510 un-

460 2545 590 2591 ·tur.
635 2525 871 2590 Prodest
903 2529 971 2591 &
1009 2545 1207 2592 contra
1227 2526 1549 2612 sagittarum
1570 2546 1837 2598 venena,

476 2627 543 2671 ut
577 2608 637 2670 A
682 2608 820 2671 elles
858 2611 1030 2672 tradit
1050 2656 1071 2686 ‚
1112 2612 1244 2671 ante
1287 2609 1604 2694 posteaque
1643 2610 1837 2689 sump-

476 2703 589 2747 tus.
674 2711 709 2749 n
744 2692 1004 2753 antidota
1039 2711 1276 2773 quoque
1329 2692 1546 2752 nobilia
1591 2693 1833 2754 additur.

474 2762 705 2861 §euius
744 2771 877 2852 plus
929 2769 1105 2854 quam
1142 2770 1429 2843 drachmae
1468 2774 1735 2858 pondere
1756 2770 1832 2828 -ifl
