2000 3600
1646 72 1691 106 Q

387 276 393 282 “
460 268 611 373 '258
714 271 789 342 C.
847 269 1204 339 ΡιιΝιι
1254 268 1390 338 ΝΑ
1416 259 1631 337 rv'n.

461 394 533 458 ca
558 391 798 454 maxime
821 391 1237 458 inveniuntur,
1267 387 1583 449 utilissimae
1608 370 1796 468 dyseiu

462 478 648 537 tericis
669 518 688 545 ‚
713 473 899 555 quinae
925 470 1239 532 combustae
1272 476 1409 528 cum
1444 469 1652 529 denarii
1673 489 1798 550 pon·

462 556 600 618 dere
635 555 859 613 dimidii
901 554 1143 614 acaciae:
1186 572 1258 611 ex
1284 570 1361 612 eo
1396 552 1590 611 cinere
1621 551 1795 610 dantur'

463 636 794 698 cochlearia
813 633 950 695 bina
981 635 1043 693 in
1067 635 1213 694 vino
1236 634 1483 714 myrtite
1499 677 1519 705 ‚
1554 649 1644 692 aut
1741 652 1798 691 o·

460 717 605 779 libet
637 715 868 778 austero
905 737 1039 777 cum
1078 716 1199 796 pari
1231 714 1419 774 modo
1449 714 1642 775 caldae.
1673 653 1799 855 ξυί·

462 798 603 860 dam
642 798 913 860 omnibus
960 796 1250 857 Africanis
1297 797 1377 855 ita
1416 811 1663 854 utuntur.
1748 791 1799 853 lii

461 881 716 942 totidem
752 878 1054 940 Africanas
1070 923 1088 950 ‚
1113 878 1214 937 vel
1234 878 1374 936 latas
1396 875 1693 936 infundunt
1711 896 1798 956 po*

462 963 598 1024 tius.
636 960 792 1021 Etsi
820 957 1006 1041 major
1047 958 1227 1019 fluxio
1278 958 1386 1030 sit,
1424 957 1640 1018 addunt
1690 977 1800 1016 aca-

471 1045 623 1105 ciam
658 1040 805 1102 fabae
831 1040 1245 1123 magnitudine.
1270 1036 1546 1099 SeneRus
1567 1038 1801 1120 anguium

467 1120 850 1207 dysentericis
872 1168 892 1197 ‚
925 1124 991 1182 &
1031 1119 1299 1181 tenesmis
1333 1122 1393 1179 in
1429 1118 1656 1180 stanneo
1688 1116 1801 1178 vase

465 1206 813 1286 decoquitur
855 1222 989 1264 cum
1045 1201 1304 1263 rosaceo.
1339 1199 1461 1261 Vel
1506 1204 1552 1261 si
1587 1203 1642 1259 in
1671 1200 1803 1270 alio,

467 1306 605 1346 cum
643 1283 843 1345 stanno
885 1283 1142 1344 illinitur.
1169 1282 1269 1346 Jus
1314 1301 1348 1341 e
1372 1294 1377 1301 '
1388 1282 1694 1365 gallinaceo
1722 1277 1805 1340 iisa-

470 1366 611 1427 dem
649 1365 958 1425 medetur:
992 1361 1093 1424 sed
1133 1365 1349 1425 veteris
1384 1363 1674 1446 gallinacei
1713 1380 1807 1422 ve-

467 1447 800 1509 hementius
831 1443 1034 1506 salsum
1051 1442 1140 1523 jus
1165 1445 1358 1506 alvum
1382 1447 1519 1506 ciet.
1542 1443 1808 1506 Membra·

469 1548 549 1589 na
573 1527 911 1612 gallinarum
949 1524 1101 1586 tosta
1138 1527 1203 1587 &
1242 1525 1376 1586 data
1399 1528 1459 1585 in
1493 1525 1624 1587 oleo
1658 1546 1718 1585 ac
1736 1521 1808 1583 sao

469 1608 566 1683 le,
604 1610 982 1670 coeliacorum
1018 1607 1255 1667 dolores
1291 1607 1526 1671 mulcet.
1563 1604 1811 1669 Abstine-

471 1691 525 1752 εἰ
579 1708 772 1751 autem
818 1711 853 1748 a
888 1687 1147 1771 frugibus
1182 1687 1314 1748 ante
1365 1689 1430 1750 &
1466 1688 1720 1773 gallinam
1754 1686 1811 1748 δι

470 1771 773 1834 hominem
803 1786 1060 1854 oportet.
1084 1769 1314 1830 Fimum
1336 1770 1720 1833 columbinum
1735 1766 1811 1829 to'·

469 1853 625 1916 :stum
707 1870 1005 1935 otumque.
1047 1848 1204 1912 Caro
1250 1851 1537 1932 palumbis
1571 1854 1628 1912 in
1663 1865 1812 1911 aceto

476 1937 630 1998 deco
686 1958 717 1997 a
761 1934 1138 2015 dysentericis
1178 1931 1244 1993 &
1278 1932 1529 1994 coeliacis
1552 1933 1813 1993 medetur.

465 2014 712 2075 Turdus
754 2013 1018 2076 inassatus
1053 2034 1187 2075 cum
1220 2034 1279 2073 m
1331 2015 1608 2076 rtibaccis
1635 2011 1816 2097 dysen-

471 2098 710 2157 tericis:
749 2097 890 2155 item
931 2096 1187 2156 merulae.
1305 2095 1360 2155 el
1383 2140 1402 2170 ,
1445 2098 1506 2157 in
1543 2117 1659 2180 quo
1693 2111 1814 2178 apes

469 2177 589 2235 'sint
630 2178 988 2243 immortuae,
1031 2174 1360 2238 decoCium.

469 2261 484 2273 “
555 2253 693 2318 ΧΧ.
723 2251 1152 2317 Gravissimum
1190 2259 1398 2317 vitium
1438 2257 1599 2319 ileos·
1631 2253 1818 2342 appel·

468 2336 635 2399 latur.
682 2335 834 2397 Huic
873 2335 1058 2397 resisti
1094 2339 1256 2398 aiunt
1294 2339 1564 2423 discerpti
1602 2339 1818 2421 vesper·

474 2418 686 2481 tilionis
720 2416 1023 2500 sanguine:
1059 2421 1234 2481 etiam
1273 2420 1419 2481 illito
1455 2438 1664 2483 ventre
1702 2418 1820 2479 sub·

474 2502 683 2562 veniri.
721 2497 875 2560 Sistit
906 2501 1104 2563 alvum
1134 2501 1381 2584 primurn
1406 2501 1819 2575 cochlea,sicut

475 2581 723 2644 diximus
751 2583 810 2641 in
828 2578 1140 2666 suspiriosis
1161 2629 1181 2658 ,
1203 2597 1547 2665 temperata.
1579 2582 1725 2644 Item
1744 2582 1819 2641 ci-

471 2664 567 2722 ‘nis
609 2684 806 2725 earum
882 2685 969 2724 uae
1001 2666 1156 2726 vivae
1188 2680 1459 2724 crematae
1493 2667 1648 2735 sint,
1669 2678 1820 2746 potus

478 2761 554 2802 ex
592 2748 733 2805 vino
768 2766 837 2805 au
893 2766 1014 2807 ero.
1047 2744 1517 2808 Gallinaceorum
1555 2744 1717 2826 jecur
1748 2741 1823 2802 as-

472 2818 629 2894 sum»
670 2840 768 2885 aut
804 2826 1110 2889 ventriculi
1144 2823 1521 2899 membrana,
1565 2846 1696 2912 quae
1728 2822 1826 2886 ιδ’-

731 3041 742 3074 i
